%YAML 1.1
%TAG !u! tag:unity3d.com,2011:
--- !u!1 &324032682483115304
GameObject:
  m_ObjectHideFlags: 0
  m_CorrespondingSourceObject: {fileID: 0}
  m_PrefabInstance: {fileID: 0}
  m_PrefabAsset: {fileID: 0}
  serializedVersion: 6
  m_Component:
  - component: {fileID: 324032682483115305}
  m_Layer: 0
  m_Name: CoinPack1
  m_TagString: Untagged
  m_Icon: {fileID: 0}
  m_NavMeshLayer: 0
  m_StaticEditorFlags: 0
  m_IsActive: 1
--- !u!4 &324032682483115305
Transform:
  m_ObjectHideFlags: 0
  m_CorrespondingSourceObject: {fileID: 0}
  m_PrefabInstance: {fileID: 0}
  m_PrefabAsset: {fileID: 0}
  m_GameObject: {fileID: 324032682483115304}
  m_LocalRotation: {x: 0, y: 0, z: 0, w: 1}
  m_LocalPosition: {x: 0, y: 0, z: 0}
  m_LocalScale: {x: 1, y: 1, z: 1}
  m_Children:
  - {fileID: 7917987260569429415}
  - {fileID: 7917987259441229107}
  - {fileID: 7917987261312224407}
  m_Father: {fileID: 0}
  m_RootOrder: 0
  m_LocalEulerAnglesHint: {x: 0, y: 0, z: 0}
--- !u!1001 &324032682608974760
PrefabInstance:
  m_ObjectHideFlags: 0
  serializedVersion: 2
  m_Modification:
    m_TransformParent: {fileID: 324032682483115305}
    m_Modifications:
    - target: {fileID: 7610350496096917311, guid: 51a69a58325fb164c985ba721e0d3b3a,
        type: 3}
      propertyPath: m_LocalPosition.x
      value: 1.5
      objectReference: {fileID: 0}
    - target: {fileID: 7610350496096917311, guid: 51a69a58325fb164c985ba721e0d3b3a,
        type: 3}
      propertyPath: m_LocalPosition.y
      value: 0
      objectReference: {fileID: 0}
    - target: {fileID: 7610350496096917311, guid: 51a69a58325fb164c985ba721e0d3b3a,
        type: 3}
      propertyPath: m_LocalPosition.z
      value: 0
      objectReference: {fileID: 0}
    - target: {fileID: 7610350496096917311, guid: 51a69a58325fb164c985ba721e0d3b3a,
        type: 3}
      propertyPath: m_LocalRotation.x
      value: -0
      objectReference: {fileID: 0}
    - target: {fileID: 7610350496096917311, guid: 51a69a58325fb164c985ba721e0d3b3a,
        type: 3}
      propertyPath: m_LocalRotation.y
      value: -0
      objectReference: {fileID: 0}
    - target: {fileID: 7610350496096917311, guid: 51a69a58325fb164c985ba721e0d3b3a,
        type: 3}
      propertyPath: m_LocalRotation.z
      value: -0
      objectReference: {fileID: 0}
    - target: {fileID: 7610350496096917311, guid: 51a69a58325fb164c985ba721e0d3b3a,
        type: 3}
      propertyPath: m_LocalRotation.w
      value: 1
      objectReference: {fileID: 0}
    - target: {fileID: 7610350496096917311, guid: 51a69a58325fb164c985ba721e0d3b3a,
        type: 3}
      propertyPath: m_RootOrder
      value: 2
      objectReference: {fileID: 0}
    - target: {fileID: 7610350496096917311, guid: 51a69a58325fb164c985ba721e0d3b3a,
        type: 3}
      propertyPath: m_LocalEulerAnglesHint.x
      value: 0
      objectReference: {fileID: 0}
    - target: {fileID: 7610350496096917311, guid: 51a69a58325fb164c985ba721e0d3b3a,
        type: 3}
      propertyPath: m_LocalEulerAnglesHint.y
      value: 0
      objectReference: {fileID: 0}
    - target: {fileID: 7610350496096917311, guid: 51a69a58325fb164c985ba721e0d3b3a,
        type: 3}
      propertyPath: m_LocalEulerAnglesHint.z
      value: 0
      objectReference: {fileID: 0}
    - target: {fileID: 9035163554855210046, guid: 51a69a58325fb164c985ba721e0d3b3a,
        type: 3}
      propertyPath: m_Name
      value: CoinRoot (2)
      objectReference: {fileID: 0}
    m_RemovedComponents: []
  m_SourcePrefab: {fileID: 100100000, guid: 51a69a58325fb164c985ba721e0d3b3a, type: 3}
--- !u!4 &7917987261312224407 stripped
Transform:
  m_CorrespondingSourceObject: {fileID: 7610350496096917311, guid: 51a69a58325fb164c985ba721e0d3b3a,
    type: 3}
  m_PrefabInstance: {fileID: 324032682608974760}
  m_PrefabAsset: {fileID: 0}
--- !u!1001 &324032682941756056
PrefabInstance:
  m_ObjectHideFlags: 0
  serializedVersion: 2
  m_Modification:
    m_TransformParent: {fileID: 324032682483115305}
    m_Modifications:
    - target: {fileID: 7610350496096917311, guid: 51a69a58325fb164c985ba721e0d3b3a,
        type: 3}
      propertyPath: m_LocalPosition.x
      value: 0
      objectReference: {fileID: 0}
    - target: {fileID: 7610350496096917311, guid: 51a69a58325fb164c985ba721e0d3b3a,
        type: 3}
      propertyPath: m_LocalPosition.y
      value: 0
      objectReference: {fileID: 0}
    - target: {fileID: 7610350496096917311, guid: 51a69a58325fb164c985ba721e0d3b3a,
        type: 3}
      propertyPath: m_LocalPosition.z
      value: 0
      objectReference: {fileID: 0}
    - target: {fileID: 7610350496096917311, guid: 51a69a58325fb164c985ba721e0d3b3a,
        type: 3}
      propertyPath: m_LocalRotation.x
      value: -0
      objectReference: {fileID: 0}
    - target: {fileID: 7610350496096917311, guid: 51a69a58325fb164c985ba721e0d3b3a,
        type: 3}
      propertyPath: m_LocalRotation.y
      value: -0
      objectReference: {fileID: 0}
    - target: {fileID: 7610350496096917311, guid: 51a69a58325fb164c985ba721e0d3b3a,
        type: 3}
      propertyPath: m_LocalRotation.z
      value: -0
      objectReference: {fileID: 0}
    - target: {fileID: 7610350496096917311, guid: 51a69a58325fb164c985ba721e0d3b3a,
        type: 3}
      propertyPath: m_LocalRotation.w
      value: 1
      objectReference: {fileID: 0}
    - target: {fileID: 7610350496096917311, guid: 51a69a58325fb164c985ba721e0d3b3a,
        type: 3}
      propertyPath: m_RootOrder
      value: 0
      objectReference: {fileID: 0}
    - target: {fileID: 7610350496096917311, guid: 51a69a58325fb164c985ba721e0d3b3a,
        type: 3}
      propertyPath: m_LocalEulerAnglesHint.x
      value: 0
      objectReference: {fileID: 0}
    - target: {fileID: 7610350496096917311, guid: 51a69a58325fb164c985ba721e0d3b3a,
        type: 3}
      propertyPath: m_LocalEulerAnglesHint.y
      value: 0
      objectReference: {fileID: 0}
    - target: {fileID: 7610350496096917311, guid: 51a69a58325fb164c985ba721e0d3b3a,
        type: 3}
      propertyPath: m_LocalEulerAnglesHint.z
      value: 0
      objectReference: {fileID: 0}
    - target: {fileID: 9035163554855210046, guid: 51a69a58325fb164c985ba721e0d3b3a,
        type: 3}
      propertyPath: m_Name
      value: CoinRoot
      objectReference: {fileID: 0}
    m_RemovedComponents: []
  m_SourcePrefab: {fileID: 100100000, guid: 51a69a58325fb164c985ba721e0d3b3a, type: 3}
--- !u!4 &7917987260569429415 stripped
Transform:
  m_CorrespondingSourceObject: {fileID: 7610350496096917311, guid: 51a69a58325fb164c985ba721e0d3b3a,
    type: 3}
  m_PrefabInstance: {fileID: 324032682941756056}
  m_PrefabAsset: {fileID: 0}
--- !u!1001 &324032684496206348
PrefabInstance:
  m_ObjectHideFlags: 0
  serializedVersion: 2
  m_Modification:
    m_TransformParent: {fileID: 324032682483115305}
    m_Modifications:
    - target: {fileID: 7610350496096917311, guid: 51a69a58325fb164c985ba721e0d3b3a,
        type: 3}
      propertyPath: m_LocalPosition.x
      value: -1.5
      objectReference: {fileID: 0}
    - target: {fileID: 7610350496096917311, guid: 51a69a58325fb164c985ba721e0d3b3a,
        type: 3}
      propertyPath: m_LocalPosition.y
      value: 0
      objectReference: {fileID: 0}
    - target: {fileID: 7610350496096917311, guid: 51a69a58325fb164c985ba721e0d3b3a,
        type: 3}
      propertyPath: m_LocalPosition.z
      value: 0
      objectReference: {fileID: 0}
    - target: {fileID: 7610350496096917311, guid: 51a69a58325fb164c985ba721e0d3b3a,
        type: 3}
      propertyPath: m_LocalRotation.x
      value: -0
      objectReference: {fileID: 0}
    - target: {fileID: 7610350496096917311, guid: 51a69a58325fb164c985ba721e0d3b3a,
        type: 3}
      propertyPath: m_LocalRotation.y
      value: -0
      objectReference: {fileID: 0}
    - target: {fileID: 7610350496096917311, guid: 51a69a58325fb164c985ba721e0d3b3a,
        type: 3}
      propertyPath: m_LocalRotation.z
      value: -0
      objectReference: {fileID: 0}
    - target: {fileID: 7610350496096917311, guid: 51a69a58325fb164c985ba721e0d3b3a,
        type: 3}
      propertyPath: m_LocalRotation.w
      value: 1
      objectReference: {fileID: 0}
    - target: {fileID: 7610350496096917311, guid: 51a69a58325fb164c985ba721e0d3b3a,
        type: 3}
      propertyPath: m_RootOrder
      value: 1
      objectReference: {fileID: 0}
    - target: {fileID: 7610350496096917311, guid: 51a69a58325fb164c985ba721e0d3b3a,
        type: 3}
      propertyPath: m_LocalEulerAnglesHint.x
      value: 0
      objectReference: {fileID: 0}
    - target: {fileID: 7610350496096917311, guid: 51a69a58325fb164c985ba721e0d3b3a,
        type: 3}
      propertyPath: m_LocalEulerAnglesHint.y
      value: 0
      objectReference: {fileID: 0}
    - target: {fileID: 7610350496096917311, guid: 51a69a58325fb164c985ba721e0d3b3a,
        type: 3}
      propertyPath: m_LocalEulerAnglesHint.z
      value: 0
      objectReference: {fileID: 0}
    - target: {fileID: 9035163554855210046, guid: 51a69a58325fb164c985ba721e0d3b3a,
        type: 3}
      propertyPath: m_Name
      value: CoinRoot (1)
      objectReference: {fileID: 0}
    m_RemovedComponents: []
  m_SourcePrefab: {fileID: 100100000, guid: 51a69a58325fb164c985ba721e0d3b3a, type: 3}
--- !u!4 &7917987259441229107 stripped
Transform:
  m_CorrespondingSourceObject: {fileID: 7610350496096917311, guid: 51a69a58325fb164c985ba721e0d3b3a,
    type: 3}
  m_PrefabInstance: {fileID: 324032684496206348}
  m_PrefabAsset: {fileID: 0}
