%YAML 1.1
%TAG !u! tag:unity3d.com,2011:
--- !u!1 &1541135040
GameObject:
  m_ObjectHideFlags: 0
  m_CorrespondingSourceObject: {fileID: 0}
  m_PrefabInstance: {fileID: 0}
  m_PrefabAsset: {fileID: 0}
  serializedVersion: 6
  m_Component:
  - component: {fileID: 1541135041}
  - component: {fileID: 1541135043}
  - component: {fileID: 1541135042}
  m_Layer: 5
  m_Name: KeyPrizeImage
  m_TagString: Untagged
  m_Icon: {fileID: 0}
  m_NavMeshLayer: 0
  m_StaticEditorFlags: 0
  m_IsActive: 1
--- !u!224 &1541135041
RectTransform:
  m_ObjectHideFlags: 0
  m_CorrespondingSourceObject: {fileID: 0}
  m_PrefabInstance: {fileID: 0}
  m_PrefabAsset: {fileID: 0}
  m_GameObject: {fileID: 1541135040}
  m_LocalRotation: {x: 0, y: 0, z: 0, w: 1}
  m_LocalPosition: {x: 0, y: 0, z: 0}
  m_LocalScale: {x: 1, y: 1, z: 1}
  m_Children: []
  m_Father: {fileID: 2534606018808366187}
  m_RootOrder: 0
  m_LocalEulerAnglesHint: {x: 0, y: 0, z: 0}
  m_AnchorMin: {x: 0.5, y: 0.5}
  m_AnchorMax: {x: 0.5, y: 0.5}
  m_AnchoredPosition: {x: 0, y: 0}
  m_SizeDelta: {x: 100, y: 100}
  m_Pivot: {x: 0.5, y: 0.5}
--- !u!222 &1541135043
CanvasRenderer:
  m_ObjectHideFlags: 0
  m_CorrespondingSourceObject: {fileID: 0}
  m_PrefabInstance: {fileID: 0}
  m_PrefabAsset: {fileID: 0}
  m_GameObject: {fileID: 1541135040}
  m_CullTransparentMesh: 0
--- !u!114 &1541135042
MonoBehaviour:
  m_ObjectHideFlags: 0
  m_CorrespondingSourceObject: {fileID: 0}
  m_PrefabInstance: {fileID: 0}
  m_PrefabAsset: {fileID: 0}
  m_GameObject: {fileID: 1541135040}
  m_Enabled: 1
  m_EditorHideFlags: 0
  m_Script: {fileID: 11500000, guid: fe87c0e1cc204ed48ad3b37840f39efc, type: 3}
  m_Name: 
  m_EditorClassIdentifier: 
  m_Material: {fileID: 0}
  m_Color: {r: 1, g: 1, b: 1, a: 1}
  m_RaycastTarget: 1
  m_OnCullStateChanged:
    m_PersistentCalls:
      m_Calls: []
  m_Sprite: {fileID: 21300000, guid: 96f88154ef289914fb9a9c01c6b6dcc7, type: 3}
  m_Type: 0
  m_PreserveAspect: 0
  m_FillCenter: 1
  m_FillMethod: 4
  m_FillAmount: 1
  m_FillClockwise: 1
  m_FillOrigin: 0
  m_UseSpriteMesh: 0
  m_PixelsPerUnitMultiplier: 1
--- !u!1 &1015838754832104286
GameObject:
  m_ObjectHideFlags: 0
  m_CorrespondingSourceObject: {fileID: 0}
  m_PrefabInstance: {fileID: 0}
  m_PrefabAsset: {fileID: 0}
  serializedVersion: 6
  m_Component:
  - component: {fileID: 2809098007348220765}
  m_Layer: 0
  m_Name: Basic
  m_TagString: Untagged
  m_Icon: {fileID: 0}
  m_NavMeshLayer: 0
  m_StaticEditorFlags: 0
  m_IsActive: 1
--- !u!4 &2809098007348220765
Transform:
  m_ObjectHideFlags: 0
  m_CorrespondingSourceObject: {fileID: 0}
  m_PrefabInstance: {fileID: 0}
  m_PrefabAsset: {fileID: 0}
  m_GameObject: {fileID: 1015838754832104286}
  m_LocalRotation: {x: 0, y: 0, z: 0, w: 1}
  m_LocalPosition: {x: -41.144573, y: 11.96773, z: -9.497279}
  m_LocalScale: {x: 1, y: 1, z: 1}
  m_Children:
  - {fileID: 5708941776001695435}
  - {fileID: 530332900788957585}
  - {fileID: 9150315527378137066}
  - {fileID: 4046329707113642231}
  - {fileID: 6727525211511641574}
  - {fileID: 2690206464992061233}
  - {fileID: 7789118098166323895}
  m_Father: {fileID: 0}
  m_RootOrder: 0
  m_LocalEulerAnglesHint: {x: 0, y: 0, z: 0}
--- !u!1 &1973935568876686919
GameObject:
  m_ObjectHideFlags: 0
  m_CorrespondingSourceObject: {fileID: 0}
  m_PrefabInstance: {fileID: 0}
  m_PrefabAsset: {fileID: 0}
  serializedVersion: 6
  m_Component:
  - component: {fileID: 8388010455355166407}
  - component: {fileID: 8571378253524425460}
  - component: {fileID: 8147444676101759511}
  m_Layer: 5
  m_Name: TextPanel
  m_TagString: Untagged
  m_Icon: {fileID: 0}
  m_NavMeshLayer: 0
  m_StaticEditorFlags: 0
  m_IsActive: 0
--- !u!224 &8388010455355166407
RectTransform:
  m_ObjectHideFlags: 0
  m_CorrespondingSourceObject: {fileID: 0}
  m_PrefabInstance: {fileID: 0}
  m_PrefabAsset: {fileID: 0}
  m_GameObject: {fileID: 1973935568876686919}
  m_LocalRotation: {x: 0, y: 0, z: 0, w: 1}
  m_LocalPosition: {x: 0, y: 0, z: 0}
  m_LocalScale: {x: 1, y: 1, z: 1}
  m_Children:
  - {fileID: 7409080660199645325}
  m_Father: {fileID: 2690206464992061233}
  m_RootOrder: 1
  m_LocalEulerAnglesHint: {x: 0, y: 0, z: 0}
  m_AnchorMin: {x: 0, y: 0}
  m_AnchorMax: {x: 1, y: 1}
  m_AnchoredPosition: {x: 0, y: 0}
  m_SizeDelta: {x: 0, y: 0}
  m_Pivot: {x: 0.5, y: 0.5}
--- !u!222 &8571378253524425460
CanvasRenderer:
  m_ObjectHideFlags: 0
  m_CorrespondingSourceObject: {fileID: 0}
  m_PrefabInstance: {fileID: 0}
  m_PrefabAsset: {fileID: 0}
  m_GameObject: {fileID: 1973935568876686919}
  m_CullTransparentMesh: 0
--- !u!114 &8147444676101759511
MonoBehaviour:
  m_ObjectHideFlags: 0
  m_CorrespondingSourceObject: {fileID: 0}
  m_PrefabInstance: {fileID: 0}
  m_PrefabAsset: {fileID: 0}
  m_GameObject: {fileID: 1973935568876686919}
  m_Enabled: 1
  m_EditorHideFlags: 0
  m_Script: {fileID: 11500000, guid: fe87c0e1cc204ed48ad3b37840f39efc, type: 3}
  m_Name: 
  m_EditorClassIdentifier: 
  m_Material: {fileID: 0}
  m_Color: {r: 0.7607844, g: 0.7607844, b: 0.7607844, a: 0}
  m_RaycastTarget: 1
  m_OnCullStateChanged:
    m_PersistentCalls:
      m_Calls: []
  m_Sprite: {fileID: 10907, guid: 0000000000000000f000000000000000, type: 0}
  m_Type: 1
  m_PreserveAspect: 0
  m_FillCenter: 1
  m_FillMethod: 4
  m_FillAmount: 1
  m_FillClockwise: 1
  m_FillOrigin: 0
  m_UseSpriteMesh: 0
  m_PixelsPerUnitMultiplier: 1
--- !u!1 &2012495386577239140
GameObject:
  m_ObjectHideFlags: 0
  m_CorrespondingSourceObject: {fileID: 0}
  m_PrefabInstance: {fileID: 0}
  m_PrefabAsset: {fileID: 0}
  serializedVersion: 6
  m_Component:
  - component: {fileID: 2534606018808366187}
  m_Layer: 5
  m_Name: KeyPrize
  m_TagString: Untagged
  m_Icon: {fileID: 0}
  m_NavMeshLayer: 0
  m_StaticEditorFlags: 0
  m_IsActive: 0
--- !u!224 &2534606018808366187
RectTransform:
  m_ObjectHideFlags: 0
  m_CorrespondingSourceObject: {fileID: 0}
  m_PrefabInstance: {fileID: 0}
  m_PrefabAsset: {fileID: 0}
  m_GameObject: {fileID: 2012495386577239140}
  m_LocalRotation: {x: 0, y: 0, z: 0, w: 1}
  m_LocalPosition: {x: 0, y: 0, z: 0}
  m_LocalScale: {x: 1, y: 1, z: 1}
  m_Children:
  - {fileID: 1541135041}
  m_Father: {fileID: 2690206464992061233}
  m_RootOrder: 0
  m_LocalEulerAnglesHint: {x: 0, y: 0, z: 0}
  m_AnchorMin: {x: 0, y: 1}
  m_AnchorMax: {x: 0, y: 1}
  m_AnchoredPosition: {x: 100, y: -300}
  m_SizeDelta: {x: 100, y: 100}
  m_Pivot: {x: 0.5, y: 0.5}
--- !u!114 &54789115
MonoBehaviour:
  m_ObjectHideFlags: 0
  m_CorrespondingSourceObject: {fileID: 0}
  m_PrefabInstance: {fileID: 0}
  m_PrefabAsset: {fileID: 0}
  m_GameObject: {fileID: 6727525211511641568}
  m_Enabled: 1
  m_EditorHideFlags: 0
  m_Script: {fileID: 11500000, guid: fd7534d2ac272d943979d1bb717df329, type: 3}
  m_Name: 
  m_EditorClassIdentifier: 
  openedDoorSprite: {fileID: 7900667449428837965, guid: 08d46ea3df4b21a4eb3125558fdb436d,
    type: 3}
  isMediumDoor: 1
  newPosition: {x: -80, y: -64}
  textPanel: {fileID: 1370627584}
--- !u!1 &6796458700695630458
GameObject:
  m_ObjectHideFlags: 0
  m_CorrespondingSourceObject: {fileID: 0}
  m_PrefabInstance: {fileID: 0}
  m_PrefabAsset: {fileID: 0}
  serializedVersion: 6
  m_Component:
  - component: {fileID: 9150315527378137066}
  - component: {fileID: 6727525211532875292}
  m_Layer: 0
  m_Name: InvisibleBorder
  m_TagString: Untagged
  m_Icon: {fileID: -964228994112308473, guid: 0000000000000000d000000000000000, type: 0}
  m_NavMeshLayer: 0
  m_StaticEditorFlags: 0
  m_IsActive: 1
--- !u!4 &9150315527378137066
Transform:
  m_ObjectHideFlags: 0
  m_CorrespondingSourceObject: {fileID: 0}
  m_PrefabInstance: {fileID: 0}
  m_PrefabAsset: {fileID: 0}
  m_GameObject: {fileID: 6796458700695630458}
  m_LocalRotation: {x: 0, y: 0, z: 0, w: 1}
  m_LocalPosition: {x: -37.6, y: -4.3, z: 0}
  m_LocalScale: {x: 1, y: 1, z: 1}
  m_Children: []
  m_Father: {fileID: 2809098007348220765}
  m_RootOrder: 2
  m_LocalEulerAnglesHint: {x: 0, y: 0, z: 0}
--- !u!61 &6727525211532875292
BoxCollider2D:
  m_ObjectHideFlags: 0
  m_CorrespondingSourceObject: {fileID: 0}
  m_PrefabInstance: {fileID: 0}
  m_PrefabAsset: {fileID: 0}
  m_GameObject: {fileID: 6796458700695630458}
  m_Enabled: 1
  m_Density: 1
  m_Material: {fileID: 0}
  m_IsTrigger: 0
  m_UsedByEffector: 0
  m_UsedByComposite: 0
  m_Offset: {x: 0, y: 2.5276127}
  m_SpriteTilingProperty:
    border: {x: 0, y: 0, z: 0, w: 0}
    pivot: {x: 0, y: 0}
    oldSize: {x: 0, y: 0}
    newSize: {x: 0, y: 0}
    adaptiveTilingThreshold: 0
    drawMode: 0
    adaptiveTiling: 0
  m_AutoTiling: 0
  serializedVersion: 2
  m_Size: {x: 1, y: 16.560596}
  m_EdgeRadius: 0
--- !u!1 &7789118098166323890
GameObject:
  m_ObjectHideFlags: 0
  m_CorrespondingSourceObject: {fileID: 0}
  m_PrefabInstance: {fileID: 0}
  m_PrefabAsset: {fileID: 0}
  serializedVersion: 6
  m_Component:
  - component: {fileID: 7789118098166323895}
  - component: {fileID: 7789118098166323888}
  - component: {fileID: 7789118098166323889}
  m_Layer: 0
  m_Name: EventSystem
  m_TagString: Untagged
  m_Icon: {fileID: 0}
  m_NavMeshLayer: 0
  m_StaticEditorFlags: 0
  m_IsActive: 1
--- !u!4 &7789118098166323895
Transform:
  m_ObjectHideFlags: 0
  m_CorrespondingSourceObject: {fileID: 0}
  m_PrefabInstance: {fileID: 0}
  m_PrefabAsset: {fileID: 0}
  m_GameObject: {fileID: 7789118098166323890}
  m_LocalRotation: {x: -0, y: -0, z: -0, w: 1}
  m_LocalPosition: {x: -31.2168, y: 4.562067, z: 9.497279}
  m_LocalScale: {x: 1, y: 1, z: 1}
  m_Children: []
  m_Father: {fileID: 2809098007348220765}
  m_RootOrder: 6
  m_LocalEulerAnglesHint: {x: 0, y: 0, z: 0}
--- !u!114 &7789118098166323888
MonoBehaviour:
  m_ObjectHideFlags: 0
  m_CorrespondingSourceObject: {fileID: 0}
  m_PrefabInstance: {fileID: 0}
  m_PrefabAsset: {fileID: 0}
  m_GameObject: {fileID: 7789118098166323890}
  m_Enabled: 1
  m_EditorHideFlags: 0
  m_Script: {fileID: 11500000, guid: 76c392e42b5098c458856cdf6ecaaaa1, type: 3}
  m_Name: 
  m_EditorClassIdentifier: 
  m_FirstSelected: {fileID: 0}
  m_sendNavigationEvents: 1
  m_DragThreshold: 10
--- !u!114 &7789118098166323889
MonoBehaviour:
  m_ObjectHideFlags: 0
  m_CorrespondingSourceObject: {fileID: 0}
  m_PrefabInstance: {fileID: 0}
  m_PrefabAsset: {fileID: 0}
  m_GameObject: {fileID: 7789118098166323890}
  m_Enabled: 1
  m_EditorHideFlags: 0
  m_Script: {fileID: 11500000, guid: 4f231c4fb786f3946a6b90b886c48677, type: 3}
  m_Name: 
  m_EditorClassIdentifier: 
  m_HorizontalAxis: Horizontal
  m_VerticalAxis: Vertical
  m_SubmitButton: Submit
  m_CancelButton: Cancel
  m_InputActionsPerSecond: 10
  m_RepeatDelay: 0.5
  m_ForceModuleActive: 0
--- !u!114 &6727525211532875294
MonoBehaviour:
  m_ObjectHideFlags: 0
  m_CorrespondingSourceObject: {fileID: 0}
  m_PrefabInstance: {fileID: 0}
  m_PrefabAsset: {fileID: 0}
  m_GameObject: {fileID: 7864542409712925102}
  m_Enabled: 1
  m_EditorHideFlags: 0
  m_Script: {fileID: 11500000, guid: d5fbf1b5db4990c4e892ae84cfbf04ad, type: 3}
  m_Name: 
  m_EditorClassIdentifier: 
  cells: []
  cellCount: 15
  cellPrefab: {fileID: 7864542409118131811}
  rootParent: {fileID: 7864542409712925103}
--- !u!1 &8760016074779435657
GameObject:
  m_ObjectHideFlags: 0
  m_CorrespondingSourceObject: {fileID: 0}
  m_PrefabInstance: {fileID: 0}
  m_PrefabAsset: {fileID: 0}
  serializedVersion: 6
  m_Component:
  - component: {fileID: 7409080660199645325}
  - component: {fileID: 625423283224312927}
  - component: {fileID: 7083326141704547732}
  - component: {fileID: 1370627583}
  - component: {fileID: 1370627584}
  m_Layer: 5
  m_Name: Text
  m_TagString: Untagged
  m_Icon: {fileID: 0}
  m_NavMeshLayer: 0
  m_StaticEditorFlags: 0
  m_IsActive: 1
--- !u!224 &7409080660199645325
RectTransform:
  m_ObjectHideFlags: 0
  m_CorrespondingSourceObject: {fileID: 0}
  m_PrefabInstance: {fileID: 0}
  m_PrefabAsset: {fileID: 0}
  m_GameObject: {fileID: 8760016074779435657}
  m_LocalRotation: {x: -0, y: -0, z: -0, w: 1}
  m_LocalPosition: {x: 0, y: 0, z: 0}
  m_LocalScale: {x: 1, y: 1, z: 1}
  m_Children: []
  m_Father: {fileID: 8388010455355166407}
  m_RootOrder: 0
  m_LocalEulerAnglesHint: {x: 0, y: 0, z: 0}
  m_AnchorMin: {x: 0.5, y: 0.5}
  m_AnchorMax: {x: 0.5, y: 0.5}
  m_AnchoredPosition: {x: 0, y: 0}
  m_SizeDelta: {x: 1800, y: 400}
  m_Pivot: {x: 0.5, y: 0.5}
--- !u!222 &625423283224312927
CanvasRenderer:
  m_ObjectHideFlags: 0
  m_CorrespondingSourceObject: {fileID: 0}
  m_PrefabInstance: {fileID: 0}
  m_PrefabAsset: {fileID: 0}
  m_GameObject: {fileID: 8760016074779435657}
  m_CullTransparentMesh: 0
--- !u!114 &7083326141704547732
MonoBehaviour:
  m_ObjectHideFlags: 0
  m_CorrespondingSourceObject: {fileID: 0}
  m_PrefabInstance: {fileID: 0}
  m_PrefabAsset: {fileID: 0}
  m_GameObject: {fileID: 8760016074779435657}
  m_Enabled: 1
  m_EditorHideFlags: 0
  m_Script: {fileID: 11500000, guid: 5f7201a12d95ffc409449d95f23cf332, type: 3}
  m_Name: 
  m_EditorClassIdentifier: 
  m_Material: {fileID: 0}
  m_Color: {r: 0.19607843, g: 0.19607843, b: 0.19607843, a: 1}
  m_RaycastTarget: 1
  m_OnCullStateChanged:
    m_PersistentCalls:
      m_Calls: []
  m_FontData:
    m_Font: {fileID: 10102, guid: 0000000000000000e000000000000000, type: 0}
    m_FontSize: 200
    m_FontStyle: 3
    m_BestFit: 0
    m_MinSize: 0
    m_MaxSize: 200
    m_Alignment: 4
    m_AlignByGeometry: 0
    m_RichText: 1
    m_HorizontalOverflow: 0
    m_VerticalOverflow: 0
    m_LineSpacing: 1
  m_Text: Level 1-2
--- !u!95 &1370627583
Animator:
  serializedVersion: 3
  m_ObjectHideFlags: 0
  m_CorrespondingSourceObject: {fileID: 0}
  m_PrefabInstance: {fileID: 0}
  m_PrefabAsset: {fileID: 0}
  m_GameObject: {fileID: 8760016074779435657}
  m_Enabled: 1
  m_Avatar: {fileID: 0}
  m_Controller: {fileID: 9100000, guid: 6a2c9b954a6632849ba7ac370c9bb4ec, type: 2}
  m_CullingMode: 0
  m_UpdateMode: 0
  m_ApplyRootMotion: 0
  m_LinearVelocityBlending: 0
  m_WarningMessage: 
  m_HasTransformHierarchy: 1
  m_AllowConstantClipSamplingOptimization: 1
  m_KeepAnimatorControllerStateOnDisable: 0
--- !u!114 &1370627584
MonoBehaviour:
  m_ObjectHideFlags: 0
  m_CorrespondingSourceObject: {fileID: 0}
  m_PrefabInstance: {fileID: 0}
  m_PrefabAsset: {fileID: 0}
  m_GameObject: {fileID: 8760016074779435657}
  m_Enabled: 1
  m_EditorHideFlags: 0
  m_Script: {fileID: 11500000, guid: 67f8b78f58018a345a89777ec7fa923a, type: 3}
  m_Name: 
  m_EditorClassIdentifier: 
  textPanel: {fileID: 1973935568876686919}
  textAnimator: {fileID: 1370627583}
--- !u!1001 &352862223483633702
PrefabInstance:
  m_ObjectHideFlags: 0
  serializedVersion: 2
  m_Modification:
    m_TransformParent: {fileID: 2809098007348220765}
    m_Modifications:
    - target: {fileID: 6465311833749673408, guid: a30474d3be624b7428c7e084408a31a0,
        type: 3}
      propertyPath: m_LocalPosition.x
      value: 15.38
      objectReference: {fileID: 0}
    - target: {fileID: 6465311833749673408, guid: a30474d3be624b7428c7e084408a31a0,
        type: 3}
      propertyPath: m_LocalPosition.y
      value: -3.8477297
      objectReference: {fileID: 0}
    - target: {fileID: 6465311833749673408, guid: a30474d3be624b7428c7e084408a31a0,
        type: 3}
      propertyPath: m_LocalPosition.z
      value: 9.497279
      objectReference: {fileID: 0}
    - target: {fileID: 6465311833749673408, guid: a30474d3be624b7428c7e084408a31a0,
        type: 3}
      propertyPath: m_LocalRotation.x
      value: -0
      objectReference: {fileID: 0}
    - target: {fileID: 6465311833749673408, guid: a30474d3be624b7428c7e084408a31a0,
        type: 3}
      propertyPath: m_LocalRotation.y
      value: -0
      objectReference: {fileID: 0}
    - target: {fileID: 6465311833749673408, guid: a30474d3be624b7428c7e084408a31a0,
        type: 3}
      propertyPath: m_LocalRotation.z
      value: -0
      objectReference: {fileID: 0}
    - target: {fileID: 6465311833749673408, guid: a30474d3be624b7428c7e084408a31a0,
        type: 3}
      propertyPath: m_LocalRotation.w
      value: 1
      objectReference: {fileID: 0}
    - target: {fileID: 6465311833749673408, guid: a30474d3be624b7428c7e084408a31a0,
        type: 3}
      propertyPath: m_RootOrder
      value: 4
      objectReference: {fileID: 0}
    - target: {fileID: 6465311833749673408, guid: a30474d3be624b7428c7e084408a31a0,
        type: 3}
      propertyPath: m_LocalEulerAnglesHint.x
      value: 0
      objectReference: {fileID: 0}
    - target: {fileID: 6465311833749673408, guid: a30474d3be624b7428c7e084408a31a0,
        type: 3}
      propertyPath: m_LocalEulerAnglesHint.y
      value: 0
      objectReference: {fileID: 0}
    - target: {fileID: 6465311833749673408, guid: a30474d3be624b7428c7e084408a31a0,
        type: 3}
      propertyPath: m_LocalEulerAnglesHint.z
      value: 0
      objectReference: {fileID: 0}
    - target: {fileID: 6465311833749673414, guid: a30474d3be624b7428c7e084408a31a0,
        type: 3}
      propertyPath: m_Name
      value: Door
      objectReference: {fileID: 0}
    m_RemovedComponents:
    - {fileID: 7607650779991818107, guid: a30474d3be624b7428c7e084408a31a0, type: 3}
  m_SourcePrefab: {fileID: 100100000, guid: a30474d3be624b7428c7e084408a31a0, type: 3}
--- !u!4 &6727525211511641574 stripped
Transform:
  m_CorrespondingSourceObject: {fileID: 6465311833749673408, guid: a30474d3be624b7428c7e084408a31a0,
    type: 3}
  m_PrefabInstance: {fileID: 352862223483633702}
  m_PrefabAsset: {fileID: 0}
--- !u!1 &6727525211511641568 stripped
GameObject:
  m_CorrespondingSourceObject: {fileID: 6465311833749673414, guid: a30474d3be624b7428c7e084408a31a0,
    type: 3}
  m_PrefabInstance: {fileID: 352862223483633702}
  m_PrefabAsset: {fileID: 0}
--- !u!1001 &472093701754271975
PrefabInstance:
  m_ObjectHideFlags: 0
  serializedVersion: 2
  m_Modification:
    m_TransformParent: {fileID: 2809098007348220765}
    m_Modifications:
    - target: {fileID: 130930183232899446, guid: cca056b0112fc5a439562833b168c9d8,
        type: 3}
      propertyPath: m_LocalPosition.x
      value: -36.597126
      objectReference: {fileID: 0}
    - target: {fileID: 130930183232899446, guid: cca056b0112fc5a439562833b168c9d8,
        type: 3}
      propertyPath: m_LocalPosition.y
      value: -2.683508
      objectReference: {fileID: 0}
    - target: {fileID: 130930183232899446, guid: cca056b0112fc5a439562833b168c9d8,
        type: 3}
      propertyPath: m_LocalPosition.z
      value: -4.939229
      objectReference: {fileID: 0}
    - target: {fileID: 130930183232899446, guid: cca056b0112fc5a439562833b168c9d8,
        type: 3}
      propertyPath: m_LocalRotation.x
      value: -0
      objectReference: {fileID: 0}
    - target: {fileID: 130930183232899446, guid: cca056b0112fc5a439562833b168c9d8,
        type: 3}
      propertyPath: m_LocalRotation.y
      value: -0
      objectReference: {fileID: 0}
    - target: {fileID: 130930183232899446, guid: cca056b0112fc5a439562833b168c9d8,
        type: 3}
      propertyPath: m_LocalRotation.z
      value: -0
      objectReference: {fileID: 0}
    - target: {fileID: 130930183232899446, guid: cca056b0112fc5a439562833b168c9d8,
        type: 3}
      propertyPath: m_LocalRotation.w
      value: 1
      objectReference: {fileID: 0}
    - target: {fileID: 130930183232899446, guid: cca056b0112fc5a439562833b168c9d8,
        type: 3}
      propertyPath: m_RootOrder
      value: 1
      objectReference: {fileID: 0}
    - target: {fileID: 130930183232899446, guid: cca056b0112fc5a439562833b168c9d8,
        type: 3}
      propertyPath: m_LocalEulerAnglesHint.x
      value: 0
      objectReference: {fileID: 0}
    - target: {fileID: 130930183232899446, guid: cca056b0112fc5a439562833b168c9d8,
        type: 3}
      propertyPath: m_LocalEulerAnglesHint.y
      value: 0
      objectReference: {fileID: 0}
    - target: {fileID: 130930183232899446, guid: cca056b0112fc5a439562833b168c9d8,
        type: 3}
      propertyPath: m_LocalEulerAnglesHint.z
      value: 0
      objectReference: {fileID: 0}
    - target: {fileID: 8177137660379165367, guid: cca056b0112fc5a439562833b168c9d8,
        type: 3}
      propertyPath: m_Name
      value: GameManager
      objectReference: {fileID: 0}
    - target: {fileID: 8939667998853962321, guid: cca056b0112fc5a439562833b168c9d8,
        type: 3}
      propertyPath: keyPrizeSymbol
      value: 
      objectReference: {fileID: 2012495386577239140}
    - target: {fileID: 8939667998853962321, guid: cca056b0112fc5a439562833b168c9d8,
        type: 3}
      propertyPath: door
      value: 
      objectReference: {fileID: 54789115}
    m_RemovedComponents: []
  m_SourcePrefab: {fileID: 100100000, guid: cca056b0112fc5a439562833b168c9d8, type: 3}
--- !u!4 &530332900788957585 stripped
Transform:
  m_CorrespondingSourceObject: {fileID: 130930183232899446, guid: cca056b0112fc5a439562833b168c9d8,
    type: 3}
  m_PrefabInstance: {fileID: 472093701754271975}
  m_PrefabAsset: {fileID: 0}
--- !u!1001 &580877390718104798
PrefabInstance:
  m_ObjectHideFlags: 0
  serializedVersion: 2
  m_Modification:
    m_TransformParent: {fileID: 2809098007348220765}
    m_Modifications:
    - target: {fileID: 3470238497062816807, guid: 93b4a13230e9d6543a63b9daa8880a9e,
        type: 3}
      propertyPath: m_SpriteTilingProperty.oldSize.x
      value: 6.21
      objectReference: {fileID: 0}
    - target: {fileID: 3470238497062816807, guid: 93b4a13230e9d6543a63b9daa8880a9e,
        type: 3}
      propertyPath: m_SpriteTilingProperty.oldSize.y
      value: 5.191172
      objectReference: {fileID: 0}
    - target: {fileID: 3470238497062816807, guid: 93b4a13230e9d6543a63b9daa8880a9e,
        type: 3}
      propertyPath: m_Offset.x
      value: 0.06312561
      objectReference: {fileID: 0}
    - target: {fileID: 3470238497062816807, guid: 93b4a13230e9d6543a63b9daa8880a9e,
        type: 3}
      propertyPath: m_Offset.y
      value: -0.024442911
      objectReference: {fileID: 0}
    - target: {fileID: 3470238497062816807, guid: 93b4a13230e9d6543a63b9daa8880a9e,
        type: 3}
      propertyPath: m_Size.y
      value: 5.0561147
      objectReference: {fileID: 0}
    - target: {fileID: 3470238497062816807, guid: 93b4a13230e9d6543a63b9daa8880a9e,
        type: 3}
      propertyPath: m_SpriteTilingProperty.newSize.x
      value: 152.89914
      objectReference: {fileID: 0}
    - target: {fileID: 3470238497062816807, guid: 93b4a13230e9d6543a63b9daa8880a9e,
        type: 3}
      propertyPath: m_Size.x
      value: 152.35089
      objectReference: {fileID: 0}
    - target: {fileID: 3470238497062816809, guid: 93b4a13230e9d6543a63b9daa8880a9e,
        type: 3}
      propertyPath: m_LocalPosition.x
      value: 30.691822
      objectReference: {fileID: 0}
    - target: {fileID: 3470238497062816809, guid: 93b4a13230e9d6543a63b9daa8880a9e,
        type: 3}
      propertyPath: m_LocalPosition.y
      value: -7.6277294
      objectReference: {fileID: 0}
    - target: {fileID: 3470238497062816809, guid: 93b4a13230e9d6543a63b9daa8880a9e,
        type: 3}
      propertyPath: m_LocalPosition.z
      value: 9.497279
      objectReference: {fileID: 0}
    - target: {fileID: 3470238497062816809, guid: 93b4a13230e9d6543a63b9daa8880a9e,
        type: 3}
      propertyPath: m_LocalRotation.x
      value: -0
      objectReference: {fileID: 0}
    - target: {fileID: 3470238497062816809, guid: 93b4a13230e9d6543a63b9daa8880a9e,
        type: 3}
      propertyPath: m_LocalRotation.y
      value: -0
      objectReference: {fileID: 0}
    - target: {fileID: 3470238497062816809, guid: 93b4a13230e9d6543a63b9daa8880a9e,
        type: 3}
      propertyPath: m_LocalRotation.z
      value: -0
      objectReference: {fileID: 0}
    - target: {fileID: 3470238497062816809, guid: 93b4a13230e9d6543a63b9daa8880a9e,
        type: 3}
      propertyPath: m_LocalRotation.w
      value: 1
      objectReference: {fileID: 0}
    - target: {fileID: 3470238497062816809, guid: 93b4a13230e9d6543a63b9daa8880a9e,
        type: 3}
      propertyPath: m_RootOrder
      value: 3
      objectReference: {fileID: 0}
    - target: {fileID: 3470238497062816809, guid: 93b4a13230e9d6543a63b9daa8880a9e,
        type: 3}
      propertyPath: m_LocalEulerAnglesHint.x
      value: 0
      objectReference: {fileID: 0}
    - target: {fileID: 3470238497062816809, guid: 93b4a13230e9d6543a63b9daa8880a9e,
        type: 3}
      propertyPath: m_LocalEulerAnglesHint.y
      value: 0
      objectReference: {fileID: 0}
    - target: {fileID: 3470238497062816809, guid: 93b4a13230e9d6543a63b9daa8880a9e,
        type: 3}
      propertyPath: m_LocalEulerAnglesHint.z
      value: 0
      objectReference: {fileID: 0}
    - target: {fileID: 3470238497062816810, guid: 93b4a13230e9d6543a63b9daa8880a9e,
        type: 3}
      propertyPath: m_SortingOrder
      value: 3
      objectReference: {fileID: 0}
    - target: {fileID: 3470238497062816810, guid: 93b4a13230e9d6543a63b9daa8880a9e,
        type: 3}
      propertyPath: m_Sprite
      value: 
      objectReference: {fileID: 21300000, guid: 7e1b159ef04ff454bb9c924f9201412c,
        type: 3}
    - target: {fileID: 3470238497062816810, guid: 93b4a13230e9d6543a63b9daa8880a9e,
        type: 3}
      propertyPath: m_Size.x
      value: 152.89914
      objectReference: {fileID: 0}
    - target: {fileID: 3470238497062816811, guid: 93b4a13230e9d6543a63b9daa8880a9e,
        type: 3}
      propertyPath: m_Name
      value: Land
      objectReference: {fileID: 0}
    m_RemovedComponents: []
  m_SourcePrefab: {fileID: 100100000, guid: 93b4a13230e9d6543a63b9daa8880a9e, type: 3}
--- !u!4 &4046329707113642231 stripped
Transform:
  m_CorrespondingSourceObject: {fileID: 3470238497062816809, guid: 93b4a13230e9d6543a63b9daa8880a9e,
    type: 3}
  m_PrefabInstance: {fileID: 580877390718104798}
  m_PrefabAsset: {fileID: 0}
--- !u!1001 &5710636776780361580
PrefabInstance:
  m_ObjectHideFlags: 0
  serializedVersion: 2
  m_Modification:
    m_TransformParent: {fileID: 2809098007348220765}
    m_Modifications:
    - target: {fileID: 266399688, guid: 5ee9161c7ee95f84691276828798402e, type: 3}
      propertyPath: m_RootOrder
      value: 7
      objectReference: {fileID: 0}
    - target: {fileID: 268866154, guid: 5ee9161c7ee95f84691276828798402e, type: 3}
      propertyPath: m_IsActive
      value: 0
      objectReference: {fileID: 0}
    - target: {fileID: 268866155, guid: 5ee9161c7ee95f84691276828798402e, type: 3}
      propertyPath: m_RootOrder
      value: 10
      objectReference: {fileID: 0}
    - target: {fileID: 499176466, guid: 5ee9161c7ee95f84691276828798402e, type: 3}
      propertyPath: m_RootOrder
      value: 4
      objectReference: {fileID: 0}
    - target: {fileID: 963466624, guid: 5ee9161c7ee95f84691276828798402e, type: 3}
      propertyPath: m_RootOrder
      value: 3
      objectReference: {fileID: 0}
    - target: {fileID: 1678993928, guid: 5ee9161c7ee95f84691276828798402e, type: 3}
      propertyPath: m_RootOrder
      value: 5
      objectReference: {fileID: 0}
    - target: {fileID: 133418671429725843, guid: 5ee9161c7ee95f84691276828798402e,
        type: 3}
      propertyPath: m_AnchorMin.y
      value: 0
      objectReference: {fileID: 0}
    - target: {fileID: 133418671429725843, guid: 5ee9161c7ee95f84691276828798402e,
        type: 3}
      propertyPath: m_AnchorMax.y
      value: 0
      objectReference: {fileID: 0}
    - target: {fileID: 133418671429725843, guid: 5ee9161c7ee95f84691276828798402e,
        type: 3}
      propertyPath: m_AnchoredPosition.x
      value: 0
      objectReference: {fileID: 0}
    - target: {fileID: 133418671429725843, guid: 5ee9161c7ee95f84691276828798402e,
        type: 3}
      propertyPath: m_AnchoredPosition.y
      value: 0
      objectReference: {fileID: 0}
    - target: {fileID: 1176300110767489709, guid: 5ee9161c7ee95f84691276828798402e,
        type: 3}
      propertyPath: m_RootOrder
      value: 11
      objectReference: {fileID: 0}
    - target: {fileID: 2478165356932798147, guid: 5ee9161c7ee95f84691276828798402e,
        type: 3}
      propertyPath: m_AnchoredPosition.x
      value: -1.1
      objectReference: {fileID: 0}
    - target: {fileID: 2478165356932798147, guid: 5ee9161c7ee95f84691276828798402e,
        type: 3}
      propertyPath: m_AnchoredPosition.y
      value: 1.4
      objectReference: {fileID: 0}
    - target: {fileID: 2478165356932798147, guid: 5ee9161c7ee95f84691276828798402e,
        type: 3}
      propertyPath: m_SizeDelta.x
      value: 1015.1
      objectReference: {fileID: 0}
    - target: {fileID: 2478165356932798147, guid: 5ee9161c7ee95f84691276828798402e,
        type: 3}
      propertyPath: m_SizeDelta.y
      value: 697.2
      objectReference: {fileID: 0}
    - target: {fileID: 2478165357293077970, guid: 5ee9161c7ee95f84691276828798402e,
        type: 3}
      propertyPath: m_IsActive
      value: 0
      objectReference: {fileID: 0}
    - target: {fileID: 2478165357293077971, guid: 5ee9161c7ee95f84691276828798402e,
        type: 3}
      propertyPath: m_RootOrder
      value: 6
      objectReference: {fileID: 0}
    - target: {fileID: 2478165357445859595, guid: 5ee9161c7ee95f84691276828798402e,
        type: 3}
      propertyPath: m_AnchorMin.y
      value: 1
      objectReference: {fileID: 0}
    - target: {fileID: 2478165357445859595, guid: 5ee9161c7ee95f84691276828798402e,
        type: 3}
      propertyPath: m_AnchorMax.y
      value: 1
      objectReference: {fileID: 0}
    - target: {fileID: 2478165357445859595, guid: 5ee9161c7ee95f84691276828798402e,
        type: 3}
      propertyPath: m_AnchoredPosition.x
      value: 90
      objectReference: {fileID: 0}
    - target: {fileID: 2478165357445859595, guid: 5ee9161c7ee95f84691276828798402e,
        type: 3}
      propertyPath: m_AnchoredPosition.y
      value: -90
      objectReference: {fileID: 0}
    - target: {fileID: 2478165357445859595, guid: 5ee9161c7ee95f84691276828798402e,
        type: 3}
      propertyPath: m_SizeDelta.x
      value: 180
      objectReference: {fileID: 0}
    - target: {fileID: 2478165357445859595, guid: 5ee9161c7ee95f84691276828798402e,
        type: 3}
      propertyPath: m_SizeDelta.y
      value: 180
      objectReference: {fileID: 0}
    - target: {fileID: 2478165357445859599, guid: 5ee9161c7ee95f84691276828798402e,
        type: 3}
      propertyPath: numberItems
      value: 
      objectReference: {fileID: 7433093271644227602}
    - target: {fileID: 2727724055405067175, guid: 5ee9161c7ee95f84691276828798402e,
        type: 3}
      propertyPath: m_AnchoredPosition.y
      value: -15
      objectReference: {fileID: 0}
    - target: {fileID: 2889620236593917634, guid: 5ee9161c7ee95f84691276828798402e,
        type: 3}
      propertyPath: m_AnchorMin.y
      value: 0
      objectReference: {fileID: 0}
    - target: {fileID: 2889620236593917634, guid: 5ee9161c7ee95f84691276828798402e,
        type: 3}
      propertyPath: m_AnchorMax.y
      value: 0
      objectReference: {fileID: 0}
    - target: {fileID: 2889620236593917634, guid: 5ee9161c7ee95f84691276828798402e,
        type: 3}
      propertyPath: m_AnchoredPosition.x
      value: 0
      objectReference: {fileID: 0}
    - target: {fileID: 2889620236593917634, guid: 5ee9161c7ee95f84691276828798402e,
        type: 3}
      propertyPath: m_AnchoredPosition.y
      value: 0
      objectReference: {fileID: 0}
    - target: {fileID: 2907569247307568197, guid: 5ee9161c7ee95f84691276828798402e,
        type: 3}
      propertyPath: m_AnchoredPosition.x
      value: 9.399994
      objectReference: {fileID: 0}
    - target: {fileID: 2911549768745691006, guid: 5ee9161c7ee95f84691276828798402e,
        type: 3}
      propertyPath: m_Text
      value: 
      objectReference: {fileID: 0}
    - target: {fileID: 4044166271757907348, guid: 5ee9161c7ee95f84691276828798402e,
        type: 3}
      propertyPath: m_AnchorMin.y
      value: 0
      objectReference: {fileID: 0}
    - target: {fileID: 4044166271757907348, guid: 5ee9161c7ee95f84691276828798402e,
        type: 3}
      propertyPath: m_AnchorMax.y
      value: 0
      objectReference: {fileID: 0}
    - target: {fileID: 4044166271757907348, guid: 5ee9161c7ee95f84691276828798402e,
        type: 3}
      propertyPath: m_AnchoredPosition.x
      value: 0
      objectReference: {fileID: 0}
    - target: {fileID: 4044166271757907348, guid: 5ee9161c7ee95f84691276828798402e,
        type: 3}
      propertyPath: m_AnchoredPosition.y
      value: 0
      objectReference: {fileID: 0}
    - target: {fileID: 4111242285776752644, guid: 5ee9161c7ee95f84691276828798402e,
        type: 3}
      propertyPath: player
      value: 
      objectReference: {fileID: 6672946614629932776}
    - target: {fileID: 7644237368077699161, guid: 5ee9161c7ee95f84691276828798402e,
        type: 3}
      propertyPath: m_Name
      value: Canvas
      objectReference: {fileID: 0}
    - target: {fileID: 7644237368077699164, guid: 5ee9161c7ee95f84691276828798402e,
        type: 3}
      propertyPath: m_Camera
      value: 
      objectReference: {fileID: 6727525211191584994}
    - target: {fileID: 7644237368077699165, guid: 5ee9161c7ee95f84691276828798402e,
        type: 3}
      propertyPath: m_LocalPosition.x
      value: 0
      objectReference: {fileID: 0}
    - target: {fileID: 7644237368077699165, guid: 5ee9161c7ee95f84691276828798402e,
        type: 3}
      propertyPath: m_LocalPosition.y
      value: 0
      objectReference: {fileID: 0}
    - target: {fileID: 7644237368077699165, guid: 5ee9161c7ee95f84691276828798402e,
        type: 3}
      propertyPath: m_LocalPosition.z
      value: 0
      objectReference: {fileID: 0}
    - target: {fileID: 7644237368077699165, guid: 5ee9161c7ee95f84691276828798402e,
        type: 3}
      propertyPath: m_LocalRotation.x
      value: 0
      objectReference: {fileID: 0}
    - target: {fileID: 7644237368077699165, guid: 5ee9161c7ee95f84691276828798402e,
        type: 3}
      propertyPath: m_LocalRotation.y
      value: 0
      objectReference: {fileID: 0}
    - target: {fileID: 7644237368077699165, guid: 5ee9161c7ee95f84691276828798402e,
        type: 3}
      propertyPath: m_LocalRotation.z
      value: 0
      objectReference: {fileID: 0}
    - target: {fileID: 7644237368077699165, guid: 5ee9161c7ee95f84691276828798402e,
        type: 3}
      propertyPath: m_LocalRotation.w
      value: 1
      objectReference: {fileID: 0}
    - target: {fileID: 7644237368077699165, guid: 5ee9161c7ee95f84691276828798402e,
        type: 3}
      propertyPath: m_RootOrder
      value: 5
      objectReference: {fileID: 0}
    - target: {fileID: 7644237368077699165, guid: 5ee9161c7ee95f84691276828798402e,
        type: 3}
      propertyPath: m_LocalEulerAnglesHint.x
      value: 0
      objectReference: {fileID: 0}
    - target: {fileID: 7644237368077699165, guid: 5ee9161c7ee95f84691276828798402e,
        type: 3}
      propertyPath: m_LocalEulerAnglesHint.y
      value: 0
      objectReference: {fileID: 0}
    - target: {fileID: 7644237368077699165, guid: 5ee9161c7ee95f84691276828798402e,
        type: 3}
      propertyPath: m_LocalEulerAnglesHint.z
      value: 0
      objectReference: {fileID: 0}
    - target: {fileID: 7644237368077699165, guid: 5ee9161c7ee95f84691276828798402e,
        type: 3}
      propertyPath: m_AnchoredPosition.x
      value: 0
      objectReference: {fileID: 0}
    - target: {fileID: 7644237368077699165, guid: 5ee9161c7ee95f84691276828798402e,
        type: 3}
      propertyPath: m_AnchoredPosition.y
      value: 0
      objectReference: {fileID: 0}
    - target: {fileID: 7644237368077699165, guid: 5ee9161c7ee95f84691276828798402e,
        type: 3}
      propertyPath: m_SizeDelta.x
      value: 0
      objectReference: {fileID: 0}
    - target: {fileID: 7644237368077699165, guid: 5ee9161c7ee95f84691276828798402e,
        type: 3}
      propertyPath: m_SizeDelta.y
      value: 0
      objectReference: {fileID: 0}
    - target: {fileID: 7644237368077699165, guid: 5ee9161c7ee95f84691276828798402e,
        type: 3}
      propertyPath: m_AnchorMin.x
      value: 0
      objectReference: {fileID: 0}
    - target: {fileID: 7644237368077699165, guid: 5ee9161c7ee95f84691276828798402e,
        type: 3}
      propertyPath: m_AnchorMin.y
      value: 0
      objectReference: {fileID: 0}
    - target: {fileID: 7644237368077699165, guid: 5ee9161c7ee95f84691276828798402e,
        type: 3}
      propertyPath: m_AnchorMax.x
      value: 0
      objectReference: {fileID: 0}
    - target: {fileID: 7644237368077699165, guid: 5ee9161c7ee95f84691276828798402e,
        type: 3}
      propertyPath: m_AnchorMax.y
      value: 0
      objectReference: {fileID: 0}
    - target: {fileID: 7644237368077699165, guid: 5ee9161c7ee95f84691276828798402e,
        type: 3}
      propertyPath: m_Pivot.x
      value: 0
      objectReference: {fileID: 0}
    - target: {fileID: 7644237368077699165, guid: 5ee9161c7ee95f84691276828798402e,
        type: 3}
      propertyPath: m_Pivot.y
      value: 0
      objectReference: {fileID: 0}
    - target: {fileID: 7644237368444518792, guid: 5ee9161c7ee95f84691276828798402e,
        type: 3}
      propertyPath: m_Text
      value: 108
      objectReference: {fileID: 0}
    - target: {fileID: 7644237368444518795, guid: 5ee9161c7ee95f84691276828798402e,
        type: 3}
      propertyPath: m_SizeDelta.x
      value: 0
      objectReference: {fileID: 0}
    - target: {fileID: 7644237368444518795, guid: 5ee9161c7ee95f84691276828798402e,
        type: 3}
      propertyPath: m_RootOrder
      value: 9
      objectReference: {fileID: 0}
    - target: {fileID: 7644237368569073688, guid: 5ee9161c7ee95f84691276828798402e,
        type: 3}
      propertyPath: m_RootOrder
      value: 2
      objectReference: {fileID: 0}
    - target: {fileID: 7644237369134785271, guid: 5ee9161c7ee95f84691276828798402e,
        type: 3}
      propertyPath: m_RootOrder
      value: 8
      objectReference: {fileID: 0}
    m_RemovedComponents:
    - {fileID: 1963349428260760581, guid: 5ee9161c7ee95f84691276828798402e, type: 3}
    - {fileID: 2201192259790364992, guid: 5ee9161c7ee95f84691276828798402e, type: 3}
  m_SourcePrefab: {fileID: 100100000, guid: 5ee9161c7ee95f84691276828798402e, type: 3}
--- !u!1 &7864542409712925102 stripped
GameObject:
  m_CorrespondingSourceObject: {fileID: 2478165356932798146, guid: 5ee9161c7ee95f84691276828798402e,
    type: 3}
  m_PrefabInstance: {fileID: 5710636776780361580}
  m_PrefabAsset: {fileID: 0}
--- !u!224 &7864542409712925103 stripped
RectTransform:
  m_CorrespondingSourceObject: {fileID: 2478165356932798147, guid: 5ee9161c7ee95f84691276828798402e,
    type: 3}
  m_PrefabInstance: {fileID: 5710636776780361580}
  m_PrefabAsset: {fileID: 0}
--- !u!224 &2690206464992061233 stripped
RectTransform:
  m_CorrespondingSourceObject: {fileID: 7644237368077699165, guid: 5ee9161c7ee95f84691276828798402e,
    type: 3}
  m_PrefabInstance: {fileID: 5710636776780361580}
  m_PrefabAsset: {fileID: 0}
--- !u!114 &7864542409118131811 stripped
MonoBehaviour:
  m_CorrespondingSourceObject: {fileID: 2478165357445859599, guid: 5ee9161c7ee95f84691276828798402e,
    type: 3}
  m_PrefabInstance: {fileID: 5710636776780361580}
  m_PrefabAsset: {fileID: 0}
  m_GameObject: {fileID: 0}
  m_Enabled: 1
  m_EditorHideFlags: 0
  m_Script: {fileID: 11500000, guid: b677747cf0eee5a4dbca989bd1b3a9e2, type: 3}
  m_Name: 
  m_EditorClassIdentifier: 
--- !u!114 &7433093271644227602 stripped
MonoBehaviour:
  m_CorrespondingSourceObject: {fileID: 2911549768745691006, guid: 5ee9161c7ee95f84691276828798402e,
    type: 3}
  m_PrefabInstance: {fileID: 5710636776780361580}
  m_PrefabAsset: {fileID: 0}
  m_GameObject: {fileID: 0}
  m_Enabled: 1
  m_EditorHideFlags: 0
  m_Script: {fileID: 11500000, guid: 5f7201a12d95ffc409449d95f23cf332, type: 3}
  m_Name: 
  m_EditorClassIdentifier: 
--- !u!114 &2690206465114861284 stripped
MonoBehaviour:
  m_CorrespondingSourceObject: {fileID: 7644237368444518792, guid: 5ee9161c7ee95f84691276828798402e,
    type: 3}
  m_PrefabInstance: {fileID: 5710636776780361580}
  m_PrefabAsset: {fileID: 0}
  m_GameObject: {fileID: 0}
  m_Enabled: 1
  m_EditorHideFlags: 0
  m_Script: {fileID: 11500000, guid: 5f7201a12d95ffc409449d95f23cf332, type: 3}
  m_Name: 
  m_EditorClassIdentifier: 
--- !u!114 &2690206463934975382 stripped
MonoBehaviour:
  m_CorrespondingSourceObject: {fileID: 7644237369134785274, guid: 5ee9161c7ee95f84691276828798402e,
    type: 3}
  m_PrefabInstance: {fileID: 5710636776780361580}
  m_PrefabAsset: {fileID: 0}
  m_GameObject: {fileID: 0}
  m_Enabled: 1
  m_EditorHideFlags: 0
  m_Script: {fileID: 11500000, guid: 2def3856bcbf06f46b4bee3a142c9317, type: 3}
  m_Name: 
  m_EditorClassIdentifier: 
--- !u!1001 &6727525210686918813
PrefabInstance:
  m_ObjectHideFlags: 0
  serializedVersion: 2
  m_Modification:
    m_TransformParent: {fileID: 2809098007348220765}
    m_Modifications:
    - target: {fileID: -9095044605877744011, guid: 733add0ce4539f94ea1222011a095604,
        type: 3}
      propertyPath: minimalHeight
      value: -1000
      objectReference: {fileID: 0}
    - target: {fileID: -9095044605877744011, guid: 733add0ce4539f94ea1222011a095604,
        type: 3}
      propertyPath: healthBar
      value: 
      objectReference: {fileID: 2690206463934975382}
    - target: {fileID: 1868708299, guid: 733add0ce4539f94ea1222011a095604, type: 3}
      propertyPath: health
      value: 50
      objectReference: {fileID: 0}
    - target: {fileID: 1868708305, guid: 733add0ce4539f94ea1222011a095604, type: 3}
      propertyPath: coinsText
      value: 
      objectReference: {fileID: 2690206465114861284}
    - target: {fileID: 1325963491928796756, guid: 733add0ce4539f94ea1222011a095604,
        type: 3}
      propertyPath: m_Name
      value: Player
      objectReference: {fileID: 0}
    - target: {fileID: 1325963491928796758, guid: 733add0ce4539f94ea1222011a095604,
        type: 3}
      propertyPath: m_LocalPosition.x
      value: -34.5
      objectReference: {fileID: 0}
    - target: {fileID: 1325963491928796758, guid: 733add0ce4539f94ea1222011a095604,
        type: 3}
      propertyPath: m_LocalPosition.y
      value: -4
      objectReference: {fileID: 0}
    - target: {fileID: 1325963491928796758, guid: 733add0ce4539f94ea1222011a095604,
        type: 3}
      propertyPath: m_LocalPosition.z
      value: 9.356054
      objectReference: {fileID: 0}
    - target: {fileID: 1325963491928796758, guid: 733add0ce4539f94ea1222011a095604,
        type: 3}
      propertyPath: m_LocalRotation.x
      value: -0
      objectReference: {fileID: 0}
    - target: {fileID: 1325963491928796758, guid: 733add0ce4539f94ea1222011a095604,
        type: 3}
      propertyPath: m_LocalRotation.y
      value: -0
      objectReference: {fileID: 0}
    - target: {fileID: 1325963491928796758, guid: 733add0ce4539f94ea1222011a095604,
        type: 3}
      propertyPath: m_LocalRotation.z
      value: -0
      objectReference: {fileID: 0}
    - target: {fileID: 1325963491928796758, guid: 733add0ce4539f94ea1222011a095604,
        type: 3}
      propertyPath: m_LocalRotation.w
      value: 1
      objectReference: {fileID: 0}
    - target: {fileID: 1325963491928796758, guid: 733add0ce4539f94ea1222011a095604,
        type: 3}
      propertyPath: m_RootOrder
      value: 0
      objectReference: {fileID: 0}
    - target: {fileID: 1325963491928796758, guid: 733add0ce4539f94ea1222011a095604,
        type: 3}
      propertyPath: m_LocalEulerAnglesHint.x
      value: 0
      objectReference: {fileID: 0}
    - target: {fileID: 1325963491928796758, guid: 733add0ce4539f94ea1222011a095604,
        type: 3}
      propertyPath: m_LocalEulerAnglesHint.y
      value: 0
      objectReference: {fileID: 0}
    - target: {fileID: 1325963491928796758, guid: 733add0ce4539f94ea1222011a095604,
        type: 3}
      propertyPath: m_LocalEulerAnglesHint.z
      value: 0
      objectReference: {fileID: 0}
    m_RemovedComponents: []
  m_SourcePrefab: {fileID: 100100000, guid: 733add0ce4539f94ea1222011a095604, type: 3}
--- !u!20 &6727525211191584994 stripped
Camera:
  m_CorrespondingSourceObject: {fileID: 519420031, guid: 733add0ce4539f94ea1222011a095604,
    type: 3}
  m_PrefabInstance: {fileID: 6727525210686918813}
  m_PrefabAsset: {fileID: 0}
--- !u!114 &6672946614629932776 stripped
MonoBehaviour:
  m_CorrespondingSourceObject: {fileID: -9095044605877744011, guid: 733add0ce4539f94ea1222011a095604,
    type: 3}
  m_PrefabInstance: {fileID: 6727525210686918813}
  m_PrefabAsset: {fileID: 0}
  m_GameObject: {fileID: 0}
  m_Enabled: 1
  m_EditorHideFlags: 0
  m_Script: {fileID: 11500000, guid: d004a8a911b7f374fa0e83c665d3c06b, type: 3}
  m_Name: 
  m_EditorClassIdentifier: 
--- !u!4 &5708941776001695435 stripped
Transform:
  m_CorrespondingSourceObject: {fileID: 1325963491928796758, guid: 733add0ce4539f94ea1222011a095604,
    type: 3}
  m_PrefabInstance: {fileID: 6727525210686918813}
  m_PrefabAsset: {fileID: 0}
