%YAML 1.1
%TAG !u! tag:unity3d.com,2011:
--- !u!1 &544650588
GameObject:
  m_ObjectHideFlags: 0
  m_CorrespondingSourceObject: {fileID: 0}
  m_PrefabInstance: {fileID: 0}
  m_PrefabAsset: {fileID: 0}
  serializedVersion: 6
  m_Component:
  - component: {fileID: 544650590}
  - component: {fileID: 544650589}
  m_Layer: 0
  m_Name: LogPrint
  m_TagString: Untagged
  m_Icon: {fileID: 0}
  m_NavMeshLayer: 0
  m_StaticEditorFlags: 0
  m_IsActive: 0
--- !u!4 &544650590
Transform:
  m_ObjectHideFlags: 0
  m_CorrespondingSourceObject: {fileID: 0}
  m_PrefabInstance: {fileID: 0}
  m_PrefabAsset: {fileID: 0}
  m_GameObject: {fileID: 544650588}
  m_LocalRotation: {x: -0, y: -0, z: -0, w: 1}
  m_LocalPosition: {x: 0, y: 0, z: 10}
  m_LocalScale: {x: 1, y: 1, z: 1}
  m_Children: []
  m_Father: {fileID: 870755074542852348}
  m_RootOrder: 9
  m_LocalEulerAnglesHint: {x: 0, y: 0, z: 0}
--- !u!114 &544650589
MonoBehaviour:
  m_ObjectHideFlags: 0
  m_CorrespondingSourceObject: {fileID: 0}
  m_PrefabInstance: {fileID: 0}
  m_PrefabAsset: {fileID: 0}
  m_GameObject: {fileID: 544650588}
  m_Enabled: 1
  m_EditorHideFlags: 0
  m_Script: {fileID: 11500000, guid: 3cfe3924486b1df46a3df9300231cb87, type: 3}
  m_Name: 
  m_EditorClassIdentifier: 
--- !u!1 &870755072710110427
GameObject:
  m_ObjectHideFlags: 0
  m_CorrespondingSourceObject: {fileID: 0}
  m_PrefabInstance: {fileID: 0}
  m_PrefabAsset: {fileID: 0}
  serializedVersion: 6
  m_Component:
  - component: {fileID: 870755072710110428}
  - component: {fileID: 870755072710110430}
  - component: {fileID: 870755072710110429}
  m_Layer: 0
  m_Name: EventSystem
  m_TagString: Untagged
  m_Icon: {fileID: 0}
  m_NavMeshLayer: 0
  m_StaticEditorFlags: 0
  m_IsActive: 1
--- !u!4 &870755072710110428
Transform:
  m_ObjectHideFlags: 0
  m_CorrespondingSourceObject: {fileID: 0}
  m_PrefabInstance: {fileID: 0}
  m_PrefabAsset: {fileID: 0}
  m_GameObject: {fileID: 870755072710110427}
  m_LocalRotation: {x: -0, y: -0, z: -0, w: 1}
  m_LocalPosition: {x: -72.361374, y: 16.529797, z: 0}
  m_LocalScale: {x: 1, y: 1, z: 1}
  m_Children: []
  m_Father: {fileID: 870755074542852348}
  m_RootOrder: 1
  m_LocalEulerAnglesHint: {x: 0, y: 0, z: 0}
--- !u!114 &870755072710110430
MonoBehaviour:
  m_ObjectHideFlags: 0
  m_CorrespondingSourceObject: {fileID: 0}
  m_PrefabInstance: {fileID: 0}
  m_PrefabAsset: {fileID: 0}
  m_GameObject: {fileID: 870755072710110427}
  m_Enabled: 1
  m_EditorHideFlags: 0
  m_Script: {fileID: 11500000, guid: 76c392e42b5098c458856cdf6ecaaaa1, type: 3}
  m_Name: 
  m_EditorClassIdentifier: 
  m_FirstSelected: {fileID: 0}
  m_sendNavigationEvents: 1
  m_DragThreshold: 10
--- !u!114 &870755072710110429
MonoBehaviour:
  m_ObjectHideFlags: 0
  m_CorrespondingSourceObject: {fileID: 0}
  m_PrefabInstance: {fileID: 0}
  m_PrefabAsset: {fileID: 0}
  m_GameObject: {fileID: 870755072710110427}
  m_Enabled: 1
  m_EditorHideFlags: 0
  m_Script: {fileID: 11500000, guid: 4f231c4fb786f3946a6b90b886c48677, type: 3}
  m_Name: 
  m_EditorClassIdentifier: 
  m_HorizontalAxis: Horizontal
  m_VerticalAxis: Vertical
  m_SubmitButton: Submit
  m_CancelButton: Cancel
  m_InputActionsPerSecond: 10
  m_RepeatDelay: 0.5
  m_ForceModuleActive: 0
--- !u!1 &870755073106756515
GameObject:
  m_ObjectHideFlags: 0
  m_CorrespondingSourceObject: {fileID: 0}
  m_PrefabInstance: {fileID: 0}
  m_PrefabAsset: {fileID: 0}
  serializedVersion: 6
  m_Component:
  - component: {fileID: 870755073106756516}
  - component: {fileID: 870755073106756517}
  m_Layer: 0
  m_Name: InvisibleBorder
  m_TagString: Untagged
  m_Icon: {fileID: -964228994112308473, guid: 0000000000000000d000000000000000, type: 0}
  m_NavMeshLayer: 0
  m_StaticEditorFlags: 0
  m_IsActive: 1
--- !u!4 &870755073106756516
Transform:
  m_ObjectHideFlags: 0
  m_CorrespondingSourceObject: {fileID: 0}
  m_PrefabInstance: {fileID: 0}
  m_PrefabAsset: {fileID: 0}
  m_GameObject: {fileID: 870755073106756515}
  m_LocalRotation: {x: -0, y: -0, z: -0, w: 1}
  m_LocalPosition: {x: -78.74457, y: 7.6677294, z: -9.497279}
  m_LocalScale: {x: 1, y: 1, z: 1}
  m_Children: []
  m_Father: {fileID: 870755074542852348}
  m_RootOrder: 4
  m_LocalEulerAnglesHint: {x: 0, y: 0, z: 0}
--- !u!61 &870755073106756517
BoxCollider2D:
  m_ObjectHideFlags: 0
  m_CorrespondingSourceObject: {fileID: 0}
  m_PrefabInstance: {fileID: 0}
  m_PrefabAsset: {fileID: 0}
  m_GameObject: {fileID: 870755073106756515}
  m_Enabled: 1
  m_Density: 1
  m_Material: {fileID: 0}
  m_IsTrigger: 0
  m_UsedByEffector: 0
  m_UsedByComposite: 0
  m_Offset: {x: 0, y: 2.5276127}
  m_SpriteTilingProperty:
    border: {x: 0, y: 0, z: 0, w: 0}
    pivot: {x: 0, y: 0}
    oldSize: {x: 0, y: 0}
    newSize: {x: 0, y: 0}
    adaptiveTilingThreshold: 0
    drawMode: 0
    adaptiveTiling: 0
  m_AutoTiling: 0
  serializedVersion: 2
  m_Size: {x: 1, y: 16.560596}
  m_EdgeRadius: 0
--- !u!1 &870755074542852347
GameObject:
  m_ObjectHideFlags: 0
  m_CorrespondingSourceObject: {fileID: 0}
  m_PrefabInstance: {fileID: 0}
  m_PrefabAsset: {fileID: 0}
  serializedVersion: 6
  m_Component:
  - component: {fileID: 870755074542852348}
  m_Layer: 0
  m_Name: BasicNew
  m_TagString: Untagged
  m_Icon: {fileID: 0}
  m_NavMeshLayer: 0
  m_StaticEditorFlags: 0
  m_IsActive: 1
--- !u!4 &870755074542852348
Transform:
  m_ObjectHideFlags: 0
  m_CorrespondingSourceObject: {fileID: 0}
  m_PrefabInstance: {fileID: 0}
  m_PrefabAsset: {fileID: 0}
  m_GameObject: {fileID: 870755074542852347}
  m_LocalRotation: {x: 0, y: 0, z: 0, w: 1}
  m_LocalPosition: {x: 0, y: 0, z: -10}
  m_LocalScale: {x: 1, y: 1, z: 1}
  m_Children:
  - {fileID: 2194185289725776686}
  - {fileID: 870755072710110428}
  - {fileID: 992097514392562722}
  - {fileID: 5001514282002566486}
  - {fileID: 870755073106756516}
  - {fileID: 3321290455784807729}
  - {fileID: 4340705495938531912}
  - {fileID: 6173570854289704218}
  - {fileID: 7349947446000207906}
  - {fileID: 544650590}
  m_Father: {fileID: 0}
  m_RootOrder: 0
  m_LocalEulerAnglesHint: {x: 0, y: 0, z: 0}
--- !u!1 &3731275953328181785
GameObject:
  m_ObjectHideFlags: 0
  m_CorrespondingSourceObject: {fileID: 0}
  m_PrefabInstance: {fileID: 0}
  m_PrefabAsset: {fileID: 0}
  serializedVersion: 6
  m_Component:
  - component: {fileID: 5001514282002566486}
  - component: {fileID: 2966489465906660596}
  m_Layer: 0
  m_Name: AudioManager
  m_TagString: Untagged
  m_Icon: {fileID: 0}
  m_NavMeshLayer: 0
  m_StaticEditorFlags: 0
  m_IsActive: 1
--- !u!4 &5001514282002566486
Transform:
  m_ObjectHideFlags: 0
  m_CorrespondingSourceObject: {fileID: 0}
  m_PrefabInstance: {fileID: 0}
  m_PrefabAsset: {fileID: 0}
  m_GameObject: {fileID: 3731275953328181785}
  m_LocalRotation: {x: -0, y: -0, z: -0, w: 1}
  m_LocalPosition: {x: 0, y: 0, z: 0}
  m_LocalScale: {x: 1, y: 1, z: 1}
  m_Children: []
  m_Father: {fileID: 870755074542852348}
  m_RootOrder: 3
  m_LocalEulerAnglesHint: {x: 0, y: 0, z: 0}
--- !u!114 &2966489465906660596
MonoBehaviour:
  m_ObjectHideFlags: 0
  m_CorrespondingSourceObject: {fileID: 0}
  m_PrefabInstance: {fileID: 0}
  m_PrefabAsset: {fileID: 0}
  m_GameObject: {fileID: 3731275953328181785}
  m_Enabled: 1
  m_EditorHideFlags: 0
  m_Script: {fileID: 11500000, guid: 06418f6c96121fa47aad61173ce4696d, type: 3}
  m_Name: 
  m_EditorClassIdentifier: 
  shootSound: {fileID: 8300000, guid: 73802e0f290c8c24ba4acbe96ba8e104, type: 3}
  jumpSound: {fileID: 8300000, guid: d4839abea447dda479594b1955a631d8, type: 3}
  gameoverSound: {fileID: 8300000, guid: 8882525d430355543854dd7f4d0c60d9, type: 3}
  collectCoinSound: {fileID: 8300000, guid: 0e4ab3523b82e16488f5ea3423be18a8, type: 3}
  collectChestSound: {fileID: 8300000, guid: e78398e7606aed54a9bcc3f053ce1eec, type: 3}
  collectBonusSound: {fileID: 8300000, guid: ea11d6e51c1069f4db01f675a7f13e7a, type: 3}
  takeKeySound: {fileID: 8300000, guid: 8d6adb5121cca4a489ef08a1826576e2, type: 3}
  getDamageSound: {fileID: 8300000, guid: fa66040913bfd7a4e87c549cd73cf505, type: 3}
  goToDoorSound: {fileID: 8300000, guid: 94a29788ea18027448ee9c8c37a85176, type: 3}
  clickButtonSound: {fileID: 0}
  clickCancelSound: {fileID: 0}
--- !u!1001 &870755072556131668
PrefabInstance:
  m_ObjectHideFlags: 0
  serializedVersion: 2
  m_Modification:
    m_TransformParent: {fileID: 870755074542852348}
    m_Modifications:
    - target: {fileID: 130930183232899446, guid: cca056b0112fc5a439562833b168c9d8,
        type: 3}
      propertyPath: m_LocalPosition.x
      value: -77.7417
      objectReference: {fileID: 0}
    - target: {fileID: 130930183232899446, guid: cca056b0112fc5a439562833b168c9d8,
        type: 3}
      propertyPath: m_LocalPosition.y
      value: 9.284222
      objectReference: {fileID: 0}
    - target: {fileID: 130930183232899446, guid: cca056b0112fc5a439562833b168c9d8,
        type: 3}
      propertyPath: m_LocalPosition.z
      value: -14.436508
      objectReference: {fileID: 0}
    - target: {fileID: 130930183232899446, guid: cca056b0112fc5a439562833b168c9d8,
        type: 3}
      propertyPath: m_LocalRotation.x
      value: -0
      objectReference: {fileID: 0}
    - target: {fileID: 130930183232899446, guid: cca056b0112fc5a439562833b168c9d8,
        type: 3}
      propertyPath: m_LocalRotation.y
      value: -0
      objectReference: {fileID: 0}
    - target: {fileID: 130930183232899446, guid: cca056b0112fc5a439562833b168c9d8,
        type: 3}
      propertyPath: m_LocalRotation.z
      value: -0
      objectReference: {fileID: 0}
    - target: {fileID: 130930183232899446, guid: cca056b0112fc5a439562833b168c9d8,
        type: 3}
      propertyPath: m_LocalRotation.w
      value: 1
      objectReference: {fileID: 0}
    - target: {fileID: 130930183232899446, guid: cca056b0112fc5a439562833b168c9d8,
        type: 3}
      propertyPath: m_RootOrder
      value: 2
      objectReference: {fileID: 0}
    - target: {fileID: 130930183232899446, guid: cca056b0112fc5a439562833b168c9d8,
        type: 3}
      propertyPath: m_LocalEulerAnglesHint.x
      value: 0
      objectReference: {fileID: 0}
    - target: {fileID: 130930183232899446, guid: cca056b0112fc5a439562833b168c9d8,
        type: 3}
      propertyPath: m_LocalEulerAnglesHint.y
      value: 0
      objectReference: {fileID: 0}
    - target: {fileID: 130930183232899446, guid: cca056b0112fc5a439562833b168c9d8,
        type: 3}
      propertyPath: m_LocalEulerAnglesHint.z
      value: 0
      objectReference: {fileID: 0}
    - target: {fileID: 8177137660379165367, guid: cca056b0112fc5a439562833b168c9d8,
        type: 3}
      propertyPath: m_Name
      value: GameManager
      objectReference: {fileID: 0}
    - target: {fileID: 8939667998853962321, guid: cca056b0112fc5a439562833b168c9d8,
        type: 3}
      propertyPath: keyPrizeSymbol
      value: 
      objectReference: {fileID: 1855616336}
    - target: {fileID: 8939667998853962321, guid: cca056b0112fc5a439562833b168c9d8,
        type: 3}
      propertyPath: door
      value: 
      objectReference: {fileID: 7}
    - target: {fileID: 8939667998853962321, guid: cca056b0112fc5a439562833b168c9d8,
        type: 3}
      propertyPath: audioManager
      value: 
      objectReference: {fileID: 2966489465906660596}
    m_RemovedComponents: []
  m_SourcePrefab: {fileID: 100100000, guid: cca056b0112fc5a439562833b168c9d8, type: 3}
--- !u!4 &992097514392562722 stripped
Transform:
  m_CorrespondingSourceObject: {fileID: 130930183232899446, guid: cca056b0112fc5a439562833b168c9d8,
    type: 3}
  m_PrefabInstance: {fileID: 870755072556131668}
  m_PrefabAsset: {fileID: 0}
--- !u!1001 &870755072604339576
PrefabInstance:
  m_ObjectHideFlags: 0
  serializedVersion: 2
  m_Modification:
    m_TransformParent: {fileID: 870755074542852348}
    m_Modifications:
    - target: {fileID: -9095044605877744011, guid: 733add0ce4539f94ea1222011a095604,
        type: 3}
      propertyPath: healthBar
      value: 
      objectReference: {fileID: 7349947447090848389}
    - target: {fileID: -9095044605877744011, guid: 733add0ce4539f94ea1222011a095604,
        type: 3}
      propertyPath: gameoverPanel
      value: 
      objectReference: {fileID: 870755072985698837}
    - target: {fileID: 1868708305, guid: 733add0ce4539f94ea1222011a095604, type: 3}
      propertyPath: coinsText
      value: 
      objectReference: {fileID: 7349947446179332599}
    - target: {fileID: 1868708305, guid: 733add0ce4539f94ea1222011a095604, type: 3}
      propertyPath: healthText
      value: 
      objectReference: {fileID: 7794313402019542522}
    - target: {fileID: 1868708305, guid: 733add0ce4539f94ea1222011a095604, type: 3}
      propertyPath: damageText
      value: 
      objectReference: {fileID: 8080388620336134029}
    - target: {fileID: 1868708305, guid: 733add0ce4539f94ea1222011a095604, type: 3}
      propertyPath: forcejumpText
      value: 
      objectReference: {fileID: 8036799457212080338}
    - target: {fileID: 1868708305, guid: 733add0ce4539f94ea1222011a095604, type: 3}
      propertyPath: speedText
      value: 
      objectReference: {fileID: 5388086877952547103}
    - target: {fileID: 1325963491928796756, guid: 733add0ce4539f94ea1222011a095604,
        type: 3}
      propertyPath: m_Name
      value: Player
      objectReference: {fileID: 0}
    - target: {fileID: 1325963491928796758, guid: 733add0ce4539f94ea1222011a095604,
        type: 3}
      propertyPath: m_LocalPosition.x
      value: 0
      objectReference: {fileID: 0}
    - target: {fileID: 1325963491928796758, guid: 733add0ce4539f94ea1222011a095604,
        type: 3}
      propertyPath: m_LocalPosition.y
      value: 0
      objectReference: {fileID: 0}
    - target: {fileID: 1325963491928796758, guid: 733add0ce4539f94ea1222011a095604,
        type: 3}
      propertyPath: m_LocalPosition.z
      value: -10
      objectReference: {fileID: 0}
    - target: {fileID: 1325963491928796758, guid: 733add0ce4539f94ea1222011a095604,
        type: 3}
      propertyPath: m_LocalRotation.x
      value: -0
      objectReference: {fileID: 0}
    - target: {fileID: 1325963491928796758, guid: 733add0ce4539f94ea1222011a095604,
        type: 3}
      propertyPath: m_LocalRotation.y
      value: -0
      objectReference: {fileID: 0}
    - target: {fileID: 1325963491928796758, guid: 733add0ce4539f94ea1222011a095604,
        type: 3}
      propertyPath: m_LocalRotation.z
      value: -0
      objectReference: {fileID: 0}
    - target: {fileID: 1325963491928796758, guid: 733add0ce4539f94ea1222011a095604,
        type: 3}
      propertyPath: m_LocalRotation.w
      value: 1
      objectReference: {fileID: 0}
    - target: {fileID: 1325963491928796758, guid: 733add0ce4539f94ea1222011a095604,
        type: 3}
      propertyPath: m_RootOrder
      value: 0
      objectReference: {fileID: 0}
    - target: {fileID: 1325963491928796758, guid: 733add0ce4539f94ea1222011a095604,
        type: 3}
      propertyPath: m_LocalEulerAnglesHint.x
      value: 0
      objectReference: {fileID: 0}
    - target: {fileID: 1325963491928796758, guid: 733add0ce4539f94ea1222011a095604,
        type: 3}
      propertyPath: m_LocalEulerAnglesHint.y
      value: 0
      objectReference: {fileID: 0}
    - target: {fileID: 1325963491928796758, guid: 733add0ce4539f94ea1222011a095604,
        type: 3}
      propertyPath: m_LocalEulerAnglesHint.z
      value: 0
      objectReference: {fileID: 0}
    m_RemovedComponents: []
  m_SourcePrefab: {fileID: 100100000, guid: 733add0ce4539f94ea1222011a095604, type: 3}
--- !u!4 &2194185289725776686 stripped
Transform:
  m_CorrespondingSourceObject: {fileID: 1325963491928796758, guid: 733add0ce4539f94ea1222011a095604,
    type: 3}
  m_PrefabInstance: {fileID: 870755072604339576}
  m_PrefabAsset: {fileID: 0}
--- !u!114 &995966487617368845 stripped
MonoBehaviour:
  m_CorrespondingSourceObject: {fileID: -9095044605877744011, guid: 733add0ce4539f94ea1222011a095604,
    type: 3}
  m_PrefabInstance: {fileID: 870755072604339576}
  m_PrefabAsset: {fileID: 0}
  m_GameObject: {fileID: 0}
  m_Enabled: 1
  m_EditorHideFlags: 0
  m_Script: {fileID: 11500000, guid: d004a8a911b7f374fa0e83c665d3c06b, type: 3}
  m_Name: 
  m_EditorClassIdentifier: 
--- !u!20 &870755072957924615 stripped
Camera:
  m_CorrespondingSourceObject: {fileID: 519420031, guid: 733add0ce4539f94ea1222011a095604,
    type: 3}
  m_PrefabInstance: {fileID: 870755072604339576}
  m_PrefabAsset: {fileID: 0}
--- !u!1001 &870755072678809818
PrefabInstance:
  m_ObjectHideFlags: 0
  serializedVersion: 2
  m_Modification:
    m_TransformParent: {fileID: 870755074542852348}
    m_Modifications:
    - target: {fileID: 870755072678809821, guid: a30474d3be624b7428c7e084408a31a0,
        type: 3}
      propertyPath: isSurviveDoor
      value: 0
      objectReference: {fileID: 0}
    - target: {fileID: 6465311833749673408, guid: a30474d3be624b7428c7e084408a31a0,
        type: 3}
      propertyPath: m_LocalPosition.x
      value: 70
      objectReference: {fileID: 0}
    - target: {fileID: 6465311833749673408, guid: a30474d3be624b7428c7e084408a31a0,
        type: 3}
      propertyPath: m_LocalPosition.y
      value: 1.49
      objectReference: {fileID: 0}
    - target: {fileID: 6465311833749673408, guid: a30474d3be624b7428c7e084408a31a0,
        type: 3}
      propertyPath: m_LocalPosition.z
      value: 0
      objectReference: {fileID: 0}
    - target: {fileID: 6465311833749673408, guid: a30474d3be624b7428c7e084408a31a0,
        type: 3}
      propertyPath: m_LocalRotation.x
      value: -0
      objectReference: {fileID: 0}
    - target: {fileID: 6465311833749673408, guid: a30474d3be624b7428c7e084408a31a0,
        type: 3}
      propertyPath: m_LocalRotation.y
      value: -0
      objectReference: {fileID: 0}
    - target: {fileID: 6465311833749673408, guid: a30474d3be624b7428c7e084408a31a0,
        type: 3}
      propertyPath: m_LocalRotation.z
      value: -0
      objectReference: {fileID: 0}
    - target: {fileID: 6465311833749673408, guid: a30474d3be624b7428c7e084408a31a0,
        type: 3}
      propertyPath: m_LocalRotation.w
      value: 1
      objectReference: {fileID: 0}
    - target: {fileID: 6465311833749673408, guid: a30474d3be624b7428c7e084408a31a0,
        type: 3}
      propertyPath: m_RootOrder
      value: 7
      objectReference: {fileID: 0}
    - target: {fileID: 6465311833749673408, guid: a30474d3be624b7428c7e084408a31a0,
        type: 3}
      propertyPath: m_LocalEulerAnglesHint.x
      value: 0
      objectReference: {fileID: 0}
    - target: {fileID: 6465311833749673408, guid: a30474d3be624b7428c7e084408a31a0,
        type: 3}
      propertyPath: m_LocalEulerAnglesHint.y
      value: 0
      objectReference: {fileID: 0}
    - target: {fileID: 6465311833749673408, guid: a30474d3be624b7428c7e084408a31a0,
        type: 3}
      propertyPath: m_LocalEulerAnglesHint.z
      value: 0
      objectReference: {fileID: 0}
    - target: {fileID: 6465311833749673414, guid: a30474d3be624b7428c7e084408a31a0,
        type: 3}
      propertyPath: m_Name
      value: Door
      objectReference: {fileID: 0}
    m_RemovedComponents: []
  m_SourcePrefab: {fileID: 100100000, guid: a30474d3be624b7428c7e084408a31a0, type: 3}
--- !u!4 &6173570854289704218 stripped
Transform:
  m_CorrespondingSourceObject: {fileID: 6465311833749673408, guid: a30474d3be624b7428c7e084408a31a0,
    type: 3}
  m_PrefabInstance: {fileID: 870755072678809818}
  m_PrefabAsset: {fileID: 0}
--- !u!114 &7 stripped
MonoBehaviour:
  m_CorrespondingSourceObject: {fileID: 870755072678809821, guid: a30474d3be624b7428c7e084408a31a0,
    type: 3}
  m_PrefabInstance: {fileID: 870755072678809818}
  m_PrefabAsset: {fileID: 0}
  m_GameObject: {fileID: 0}
  m_Enabled: 1
  m_EditorHideFlags: 0
  m_Script: {fileID: 11500000, guid: fd7534d2ac272d943979d1bb717df329, type: 3}
  m_Name: 
  m_EditorClassIdentifier: 
--- !u!1001 &870755072716832895
PrefabInstance:
  m_ObjectHideFlags: 0
  serializedVersion: 2
  m_Modification:
    m_TransformParent: {fileID: 870755074542852348}
    m_Modifications:
    - target: {fileID: 170570614, guid: 5ee9161c7ee95f84691276828798402e, type: 3}
      propertyPath: m_AnchorMin.y
      value: 1
      objectReference: {fileID: 0}
    - target: {fileID: 170570614, guid: 5ee9161c7ee95f84691276828798402e, type: 3}
      propertyPath: m_AnchorMax.y
      value: 1
      objectReference: {fileID: 0}
    - target: {fileID: 170570614, guid: 5ee9161c7ee95f84691276828798402e, type: 3}
      propertyPath: m_AnchoredPosition.x
      value: 250
      objectReference: {fileID: 0}
    - target: {fileID: 170570614, guid: 5ee9161c7ee95f84691276828798402e, type: 3}
      propertyPath: m_AnchoredPosition.y
      value: -100
      objectReference: {fileID: 0}
    - target: {fileID: 1455324412, guid: 5ee9161c7ee95f84691276828798402e, type: 3}
      propertyPath: m_AnchorMin.y
      value: 1
      objectReference: {fileID: 0}
    - target: {fileID: 1455324412, guid: 5ee9161c7ee95f84691276828798402e, type: 3}
      propertyPath: m_AnchorMax.y
      value: 1
      objectReference: {fileID: 0}
    - target: {fileID: 1455324412, guid: 5ee9161c7ee95f84691276828798402e, type: 3}
      propertyPath: m_AnchoredPosition.x
      value: 750
      objectReference: {fileID: 0}
    - target: {fileID: 1455324412, guid: 5ee9161c7ee95f84691276828798402e, type: 3}
      propertyPath: m_AnchoredPosition.y
      value: -100
      objectReference: {fileID: 0}
    - target: {fileID: 1959424280, guid: 5ee9161c7ee95f84691276828798402e, type: 3}
      propertyPath: m_AnchorMin.y
      value: 0
      objectReference: {fileID: 0}
    - target: {fileID: 1959424280, guid: 5ee9161c7ee95f84691276828798402e, type: 3}
      propertyPath: m_AnchorMax.y
      value: 0
      objectReference: {fileID: 0}
    - target: {fileID: 1959424280, guid: 5ee9161c7ee95f84691276828798402e, type: 3}
      propertyPath: m_AnchoredPosition.x
      value: 0
      objectReference: {fileID: 0}
    - target: {fileID: 1959424280, guid: 5ee9161c7ee95f84691276828798402e, type: 3}
      propertyPath: m_AnchoredPosition.y
      value: 0
      objectReference: {fileID: 0}
    - target: {fileID: 1959424280, guid: 5ee9161c7ee95f84691276828798402e, type: 3}
      propertyPath: m_SizeDelta.x
      value: 0
      objectReference: {fileID: 0}
    - target: {fileID: 1959424280, guid: 5ee9161c7ee95f84691276828798402e, type: 3}
      propertyPath: m_SizeDelta.y
      value: 0
      objectReference: {fileID: 0}
    - target: {fileID: 133418671429725843, guid: 5ee9161c7ee95f84691276828798402e,
        type: 3}
      propertyPath: m_AnchorMin.y
      value: 0
      objectReference: {fileID: 0}
    - target: {fileID: 133418671429725843, guid: 5ee9161c7ee95f84691276828798402e,
        type: 3}
      propertyPath: m_AnchorMax.y
      value: 0
      objectReference: {fileID: 0}
    - target: {fileID: 133418671429725843, guid: 5ee9161c7ee95f84691276828798402e,
        type: 3}
      propertyPath: m_AnchoredPosition.x
      value: 0
      objectReference: {fileID: 0}
    - target: {fileID: 133418671429725843, guid: 5ee9161c7ee95f84691276828798402e,
        type: 3}
      propertyPath: m_AnchoredPosition.y
      value: 0
      objectReference: {fileID: 0}
    - target: {fileID: 133418671429725843, guid: 5ee9161c7ee95f84691276828798402e,
        type: 3}
      propertyPath: m_SizeDelta.x
      value: 0
      objectReference: {fileID: 0}
    - target: {fileID: 133418671429725843, guid: 5ee9161c7ee95f84691276828798402e,
        type: 3}
      propertyPath: m_SizeDelta.y
      value: 0
      objectReference: {fileID: 0}
    - target: {fileID: 870755074219078959, guid: 5ee9161c7ee95f84691276828798402e,
        type: 3}
      propertyPath: m_IsActive
      value: 1
      objectReference: {fileID: 0}
    - target: {fileID: 2631218851662119913, guid: 5ee9161c7ee95f84691276828798402e,
        type: 3}
      propertyPath: m_AnchorMin.y
      value: 1
      objectReference: {fileID: 0}
    - target: {fileID: 2631218851662119913, guid: 5ee9161c7ee95f84691276828798402e,
        type: 3}
      propertyPath: m_AnchorMax.y
      value: 1
      objectReference: {fileID: 0}
    - target: {fileID: 2631218851662119913, guid: 5ee9161c7ee95f84691276828798402e,
        type: 3}
      propertyPath: m_AnchoredPosition.x
      value: 200
      objectReference: {fileID: 0}
    - target: {fileID: 2631218851662119913, guid: 5ee9161c7ee95f84691276828798402e,
        type: 3}
      propertyPath: m_AnchoredPosition.y
      value: -400
      objectReference: {fileID: 0}
    - target: {fileID: 2889620236593917634, guid: 5ee9161c7ee95f84691276828798402e,
        type: 3}
      propertyPath: m_AnchorMin.y
      value: 0
      objectReference: {fileID: 0}
    - target: {fileID: 2889620236593917634, guid: 5ee9161c7ee95f84691276828798402e,
        type: 3}
      propertyPath: m_AnchorMax.y
      value: 0
      objectReference: {fileID: 0}
    - target: {fileID: 2889620236593917634, guid: 5ee9161c7ee95f84691276828798402e,
        type: 3}
      propertyPath: m_AnchoredPosition.x
      value: 0
      objectReference: {fileID: 0}
    - target: {fileID: 2889620236593917634, guid: 5ee9161c7ee95f84691276828798402e,
        type: 3}
      propertyPath: m_AnchoredPosition.y
      value: 0
      objectReference: {fileID: 0}
    - target: {fileID: 2889620236593917634, guid: 5ee9161c7ee95f84691276828798402e,
        type: 3}
      propertyPath: m_SizeDelta.x
      value: 0
      objectReference: {fileID: 0}
    - target: {fileID: 2889620236593917634, guid: 5ee9161c7ee95f84691276828798402e,
        type: 3}
      propertyPath: m_SizeDelta.y
      value: 0
      objectReference: {fileID: 0}
    - target: {fileID: 4044166271757907348, guid: 5ee9161c7ee95f84691276828798402e,
        type: 3}
      propertyPath: m_AnchorMin.y
      value: 0
      objectReference: {fileID: 0}
    - target: {fileID: 4044166271757907348, guid: 5ee9161c7ee95f84691276828798402e,
        type: 3}
      propertyPath: m_AnchorMax.y
      value: 0
      objectReference: {fileID: 0}
    - target: {fileID: 4044166271757907348, guid: 5ee9161c7ee95f84691276828798402e,
        type: 3}
      propertyPath: m_AnchoredPosition.x
      value: 0
      objectReference: {fileID: 0}
    - target: {fileID: 4044166271757907348, guid: 5ee9161c7ee95f84691276828798402e,
        type: 3}
      propertyPath: m_AnchoredPosition.y
      value: 0
      objectReference: {fileID: 0}
    - target: {fileID: 4044166271757907348, guid: 5ee9161c7ee95f84691276828798402e,
        type: 3}
      propertyPath: m_SizeDelta.x
      value: 0
      objectReference: {fileID: 0}
    - target: {fileID: 4044166271757907348, guid: 5ee9161c7ee95f84691276828798402e,
        type: 3}
      propertyPath: m_SizeDelta.y
      value: 0
      objectReference: {fileID: 0}
    - target: {fileID: 4111242285776752644, guid: 5ee9161c7ee95f84691276828798402e,
        type: 3}
      propertyPath: player
      value: 
      objectReference: {fileID: 995966487617368845}
    - target: {fileID: 4639876407857849845, guid: 5ee9161c7ee95f84691276828798402e,
        type: 3}
      propertyPath: m_IsActive
      value: 0
      objectReference: {fileID: 0}
    - target: {fileID: 4639876409887189292, guid: 5ee9161c7ee95f84691276828798402e,
        type: 3}
      propertyPath: m_AnchorMin.y
      value: 1
      objectReference: {fileID: 0}
    - target: {fileID: 4639876409887189292, guid: 5ee9161c7ee95f84691276828798402e,
        type: 3}
      propertyPath: m_AnchorMax.y
      value: 1
      objectReference: {fileID: 0}
    - target: {fileID: 4639876409887189292, guid: 5ee9161c7ee95f84691276828798402e,
        type: 3}
      propertyPath: m_AnchoredPosition.x
      value: 105
      objectReference: {fileID: 0}
    - target: {fileID: 4639876409887189292, guid: 5ee9161c7ee95f84691276828798402e,
        type: 3}
      propertyPath: m_AnchoredPosition.y
      value: -105
      objectReference: {fileID: 0}
    - target: {fileID: 4639876409887189292, guid: 5ee9161c7ee95f84691276828798402e,
        type: 3}
      propertyPath: m_SizeDelta.x
      value: 210
      objectReference: {fileID: 0}
    - target: {fileID: 4639876409887189292, guid: 5ee9161c7ee95f84691276828798402e,
        type: 3}
      propertyPath: m_SizeDelta.y
      value: 210
      objectReference: {fileID: 0}
    - target: {fileID: 5141236782985546807, guid: 5ee9161c7ee95f84691276828798402e,
        type: 3}
      propertyPath: m_AnchorMin.y
      value: 1
      objectReference: {fileID: 0}
    - target: {fileID: 5141236782985546807, guid: 5ee9161c7ee95f84691276828798402e,
        type: 3}
      propertyPath: m_AnchorMax.y
      value: 1
      objectReference: {fileID: 0}
    - target: {fileID: 5141236782985546807, guid: 5ee9161c7ee95f84691276828798402e,
        type: 3}
      propertyPath: m_AnchoredPosition.x
      value: 200
      objectReference: {fileID: 0}
    - target: {fileID: 5141236782985546807, guid: 5ee9161c7ee95f84691276828798402e,
        type: 3}
      propertyPath: m_AnchoredPosition.y
      value: -50
      objectReference: {fileID: 0}
    - target: {fileID: 7477240840381741243, guid: 5ee9161c7ee95f84691276828798402e,
        type: 3}
      propertyPath: m_AnchorMin.y
      value: 1
      objectReference: {fileID: 0}
    - target: {fileID: 7477240840381741243, guid: 5ee9161c7ee95f84691276828798402e,
        type: 3}
      propertyPath: m_AnchorMax.y
      value: 1
      objectReference: {fileID: 0}
    - target: {fileID: 7477240840381741243, guid: 5ee9161c7ee95f84691276828798402e,
        type: 3}
      propertyPath: m_AnchoredPosition.x
      value: 200
      objectReference: {fileID: 0}
    - target: {fileID: 7477240840381741243, guid: 5ee9161c7ee95f84691276828798402e,
        type: 3}
      propertyPath: m_AnchoredPosition.y
      value: -225
      objectReference: {fileID: 0}
    - target: {fileID: 7644237368077699161, guid: 5ee9161c7ee95f84691276828798402e,
        type: 3}
      propertyPath: m_Name
      value: Canvas
      objectReference: {fileID: 0}
    - target: {fileID: 7644237368077699161, guid: 5ee9161c7ee95f84691276828798402e,
        type: 3}
      propertyPath: m_IsActive
      value: 1
      objectReference: {fileID: 0}
    - target: {fileID: 7644237368077699164, guid: 5ee9161c7ee95f84691276828798402e,
        type: 3}
      propertyPath: m_Camera
      value: 
      objectReference: {fileID: 870755072957924615}
    - target: {fileID: 7644237368077699165, guid: 5ee9161c7ee95f84691276828798402e,
        type: 3}
      propertyPath: m_LocalPosition.x
      value: 0
      objectReference: {fileID: 0}
    - target: {fileID: 7644237368077699165, guid: 5ee9161c7ee95f84691276828798402e,
        type: 3}
      propertyPath: m_LocalPosition.y
      value: 0
      objectReference: {fileID: 0}
    - target: {fileID: 7644237368077699165, guid: 5ee9161c7ee95f84691276828798402e,
        type: 3}
      propertyPath: m_LocalPosition.z
      value: 0
      objectReference: {fileID: 0}
    - target: {fileID: 7644237368077699165, guid: 5ee9161c7ee95f84691276828798402e,
        type: 3}
      propertyPath: m_LocalRotation.x
      value: 0
      objectReference: {fileID: 0}
    - target: {fileID: 7644237368077699165, guid: 5ee9161c7ee95f84691276828798402e,
        type: 3}
      propertyPath: m_LocalRotation.y
      value: 0
      objectReference: {fileID: 0}
    - target: {fileID: 7644237368077699165, guid: 5ee9161c7ee95f84691276828798402e,
        type: 3}
      propertyPath: m_LocalRotation.z
      value: 0
      objectReference: {fileID: 0}
    - target: {fileID: 7644237368077699165, guid: 5ee9161c7ee95f84691276828798402e,
        type: 3}
      propertyPath: m_LocalRotation.w
      value: 1
      objectReference: {fileID: 0}
    - target: {fileID: 7644237368077699165, guid: 5ee9161c7ee95f84691276828798402e,
        type: 3}
      propertyPath: m_RootOrder
      value: 8
      objectReference: {fileID: 0}
    - target: {fileID: 7644237368077699165, guid: 5ee9161c7ee95f84691276828798402e,
        type: 3}
      propertyPath: m_LocalEulerAnglesHint.x
      value: 0
      objectReference: {fileID: 0}
    - target: {fileID: 7644237368077699165, guid: 5ee9161c7ee95f84691276828798402e,
        type: 3}
      propertyPath: m_LocalEulerAnglesHint.y
      value: 0
      objectReference: {fileID: 0}
    - target: {fileID: 7644237368077699165, guid: 5ee9161c7ee95f84691276828798402e,
        type: 3}
      propertyPath: m_LocalEulerAnglesHint.z
      value: 0
      objectReference: {fileID: 0}
    - target: {fileID: 7644237368077699165, guid: 5ee9161c7ee95f84691276828798402e,
        type: 3}
      propertyPath: m_AnchoredPosition.x
      value: 0
      objectReference: {fileID: 0}
    - target: {fileID: 7644237368077699165, guid: 5ee9161c7ee95f84691276828798402e,
        type: 3}
      propertyPath: m_AnchoredPosition.y
      value: 0
      objectReference: {fileID: 0}
    - target: {fileID: 7644237368077699165, guid: 5ee9161c7ee95f84691276828798402e,
        type: 3}
      propertyPath: m_SizeDelta.x
      value: 0
      objectReference: {fileID: 0}
    - target: {fileID: 7644237368077699165, guid: 5ee9161c7ee95f84691276828798402e,
        type: 3}
      propertyPath: m_SizeDelta.y
      value: 0
      objectReference: {fileID: 0}
    - target: {fileID: 7644237368077699165, guid: 5ee9161c7ee95f84691276828798402e,
        type: 3}
      propertyPath: m_AnchorMin.x
      value: 0
      objectReference: {fileID: 0}
    - target: {fileID: 7644237368077699165, guid: 5ee9161c7ee95f84691276828798402e,
        type: 3}
      propertyPath: m_AnchorMin.y
      value: 0
      objectReference: {fileID: 0}
    - target: {fileID: 7644237368077699165, guid: 5ee9161c7ee95f84691276828798402e,
        type: 3}
      propertyPath: m_AnchorMax.x
      value: 0
      objectReference: {fileID: 0}
    - target: {fileID: 7644237368077699165, guid: 5ee9161c7ee95f84691276828798402e,
        type: 3}
      propertyPath: m_AnchorMax.y
      value: 0
      objectReference: {fileID: 0}
    - target: {fileID: 7644237368077699165, guid: 5ee9161c7ee95f84691276828798402e,
        type: 3}
      propertyPath: m_Pivot.x
      value: 0
      objectReference: {fileID: 0}
    - target: {fileID: 7644237368077699165, guid: 5ee9161c7ee95f84691276828798402e,
        type: 3}
      propertyPath: m_Pivot.y
      value: 0
      objectReference: {fileID: 0}
    - target: {fileID: 7644237368441769946, guid: 5ee9161c7ee95f84691276828798402e,
        type: 3}
      propertyPath: m_AnchoredPosition.x
      value: 82
      objectReference: {fileID: 0}
    - target: {fileID: 7644237368444518795, guid: 5ee9161c7ee95f84691276828798402e,
        type: 3}
      propertyPath: m_SizeDelta.x
      value: 0
      objectReference: {fileID: 0}
    - target: {fileID: 8813218636561541805, guid: 5ee9161c7ee95f84691276828798402e,
        type: 3}
      propertyPath: m_AnchorMin.y
      value: 1
      objectReference: {fileID: 0}
    - target: {fileID: 8813218636561541805, guid: 5ee9161c7ee95f84691276828798402e,
        type: 3}
      propertyPath: m_AnchorMax.y
      value: 1
      objectReference: {fileID: 0}
    - target: {fileID: 8813218636561541805, guid: 5ee9161c7ee95f84691276828798402e,
        type: 3}
      propertyPath: m_AnchoredPosition.x
      value: 200
      objectReference: {fileID: 0}
    - target: {fileID: 8813218636561541805, guid: 5ee9161c7ee95f84691276828798402e,
        type: 3}
      propertyPath: m_AnchoredPosition.y
      value: -575
      objectReference: {fileID: 0}
    m_RemovedComponents: []
  m_SourcePrefab: {fileID: 100100000, guid: 5ee9161c7ee95f84691276828798402e, type: 3}
--- !u!114 &7794313402019542522 stripped
MonoBehaviour:
  m_CorrespondingSourceObject: {fileID: 6935400069551682949, guid: 5ee9161c7ee95f84691276828798402e,
    type: 3}
  m_PrefabInstance: {fileID: 870755072716832895}
  m_PrefabAsset: {fileID: 0}
  m_GameObject: {fileID: 0}
  m_Enabled: 1
  m_EditorHideFlags: 0
  m_Script: {fileID: 11500000, guid: 5f7201a12d95ffc409449d95f23cf332, type: 3}
  m_Name: 
  m_EditorClassIdentifier: 
--- !u!114 &8080388620336134029 stripped
MonoBehaviour:
  m_CorrespondingSourceObject: {fileID: 8950558477916731378, guid: 5ee9161c7ee95f84691276828798402e,
    type: 3}
  m_PrefabInstance: {fileID: 870755072716832895}
  m_PrefabAsset: {fileID: 0}
  m_GameObject: {fileID: 0}
  m_Enabled: 1
  m_EditorHideFlags: 0
  m_Script: {fileID: 11500000, guid: 5f7201a12d95ffc409449d95f23cf332, type: 3}
  m_Name: 
  m_EditorClassIdentifier: 
--- !u!114 &8036799457212080338 stripped
MonoBehaviour:
  m_CorrespondingSourceObject: {fileID: 7178167874631344301, guid: 5ee9161c7ee95f84691276828798402e,
    type: 3}
  m_PrefabInstance: {fileID: 870755072716832895}
  m_PrefabAsset: {fileID: 0}
  m_GameObject: {fileID: 0}
  m_Enabled: 1
  m_EditorHideFlags: 0
  m_Script: {fileID: 11500000, guid: 5f7201a12d95ffc409449d95f23cf332, type: 3}
  m_Name: 
  m_EditorClassIdentifier: 
--- !u!114 &5388086877952547103 stripped
MonoBehaviour:
  m_CorrespondingSourceObject: {fileID: 5103668371000793440, guid: 5ee9161c7ee95f84691276828798402e,
    type: 3}
  m_PrefabInstance: {fileID: 870755072716832895}
  m_PrefabAsset: {fileID: 0}
  m_GameObject: {fileID: 0}
  m_Enabled: 1
  m_EditorHideFlags: 0
  m_Script: {fileID: 11500000, guid: 5f7201a12d95ffc409449d95f23cf332, type: 3}
  m_Name: 
  m_EditorClassIdentifier: 
--- !u!1 &870755072985698837 stripped
GameObject:
  m_CorrespondingSourceObject: {fileID: 268866154, guid: 5ee9161c7ee95f84691276828798402e,
    type: 3}
  m_PrefabInstance: {fileID: 870755072716832895}
  m_PrefabAsset: {fileID: 0}
--- !u!224 &7349947446000207906 stripped
RectTransform:
  m_CorrespondingSourceObject: {fileID: 7644237368077699165, guid: 5ee9161c7ee95f84691276828798402e,
    type: 3}
  m_PrefabInstance: {fileID: 870755072716832895}
  m_PrefabAsset: {fileID: 0}
--- !u!1 &1855616336 stripped
GameObject:
  m_CorrespondingSourceObject: {fileID: 870755074219078959, guid: 5ee9161c7ee95f84691276828798402e,
    type: 3}
  m_PrefabInstance: {fileID: 870755072716832895}
  m_PrefabAsset: {fileID: 0}
--- !u!114 &7349947447090848389 stripped
MonoBehaviour:
  m_CorrespondingSourceObject: {fileID: 7644237369134785274, guid: 5ee9161c7ee95f84691276828798402e,
    type: 3}
  m_PrefabInstance: {fileID: 870755072716832895}
  m_PrefabAsset: {fileID: 0}
  m_GameObject: {fileID: 0}
  m_Enabled: 1
  m_EditorHideFlags: 0
  m_Script: {fileID: 11500000, guid: 2def3856bcbf06f46b4bee3a142c9317, type: 3}
  m_Name: 
  m_EditorClassIdentifier: 
--- !u!114 &7349947446179332599 stripped
MonoBehaviour:
  m_CorrespondingSourceObject: {fileID: 7644237368444518792, guid: 5ee9161c7ee95f84691276828798402e,
    type: 3}
  m_PrefabInstance: {fileID: 870755072716832895}
  m_PrefabAsset: {fileID: 0}
  m_GameObject: {fileID: 0}
  m_Enabled: 1
  m_EditorHideFlags: 0
  m_Script: {fileID: 11500000, guid: 5f7201a12d95ffc409449d95f23cf332, type: 3}
  m_Name: 
  m_EditorClassIdentifier: 
--- !u!1001 &870755074388790881
PrefabInstance:
  m_ObjectHideFlags: 0
  serializedVersion: 2
  m_Modification:
    m_TransformParent: {fileID: 870755074542852348}
    m_Modifications:
    - target: {fileID: 3470238497062816807, guid: 93b4a13230e9d6543a63b9daa8880a9e,
        type: 3}
      propertyPath: m_SpriteTilingProperty.oldSize.x
      value: 6.21
      objectReference: {fileID: 0}
    - target: {fileID: 3470238497062816807, guid: 93b4a13230e9d6543a63b9daa8880a9e,
        type: 3}
      propertyPath: m_SpriteTilingProperty.oldSize.y
      value: 5.191172
      objectReference: {fileID: 0}
    - target: {fileID: 3470238497062816807, guid: 93b4a13230e9d6543a63b9daa8880a9e,
        type: 3}
      propertyPath: m_Offset.x
      value: 0.06312561
      objectReference: {fileID: 0}
    - target: {fileID: 3470238497062816807, guid: 93b4a13230e9d6543a63b9daa8880a9e,
        type: 3}
      propertyPath: m_Offset.y
      value: -0.024442911
      objectReference: {fileID: 0}
    - target: {fileID: 3470238497062816807, guid: 93b4a13230e9d6543a63b9daa8880a9e,
        type: 3}
      propertyPath: m_Size.y
      value: 5.0561147
      objectReference: {fileID: 0}
    - target: {fileID: 3470238497062816807, guid: 93b4a13230e9d6543a63b9daa8880a9e,
        type: 3}
      propertyPath: m_SpriteTilingProperty.newSize.x
      value: 152.89914
      objectReference: {fileID: 0}
    - target: {fileID: 3470238497062816807, guid: 93b4a13230e9d6543a63b9daa8880a9e,
        type: 3}
      propertyPath: m_Size.x
      value: 152.35089
      objectReference: {fileID: 0}
    - target: {fileID: 3470238497062816809, guid: 93b4a13230e9d6543a63b9daa8880a9e,
        type: 3}
      propertyPath: m_LocalPosition.x
      value: 40
      objectReference: {fileID: 0}
    - target: {fileID: 3470238497062816809, guid: 93b4a13230e9d6543a63b9daa8880a9e,
        type: 3}
      propertyPath: m_LocalPosition.y
      value: -3
      objectReference: {fileID: 0}
    - target: {fileID: 3470238497062816809, guid: 93b4a13230e9d6543a63b9daa8880a9e,
        type: 3}
      propertyPath: m_LocalPosition.z
      value: 0
      objectReference: {fileID: 0}
    - target: {fileID: 3470238497062816809, guid: 93b4a13230e9d6543a63b9daa8880a9e,
        type: 3}
      propertyPath: m_LocalRotation.x
      value: -0
      objectReference: {fileID: 0}
    - target: {fileID: 3470238497062816809, guid: 93b4a13230e9d6543a63b9daa8880a9e,
        type: 3}
      propertyPath: m_LocalRotation.y
      value: -0
      objectReference: {fileID: 0}
    - target: {fileID: 3470238497062816809, guid: 93b4a13230e9d6543a63b9daa8880a9e,
        type: 3}
      propertyPath: m_LocalRotation.z
      value: -0
      objectReference: {fileID: 0}
    - target: {fileID: 3470238497062816809, guid: 93b4a13230e9d6543a63b9daa8880a9e,
        type: 3}
      propertyPath: m_LocalRotation.w
      value: 1
      objectReference: {fileID: 0}
    - target: {fileID: 3470238497062816809, guid: 93b4a13230e9d6543a63b9daa8880a9e,
        type: 3}
      propertyPath: m_RootOrder
      value: 6
      objectReference: {fileID: 0}
    - target: {fileID: 3470238497062816809, guid: 93b4a13230e9d6543a63b9daa8880a9e,
        type: 3}
      propertyPath: m_LocalEulerAnglesHint.x
      value: 0
      objectReference: {fileID: 0}
    - target: {fileID: 3470238497062816809, guid: 93b4a13230e9d6543a63b9daa8880a9e,
        type: 3}
      propertyPath: m_LocalEulerAnglesHint.y
      value: 0
      objectReference: {fileID: 0}
    - target: {fileID: 3470238497062816809, guid: 93b4a13230e9d6543a63b9daa8880a9e,
        type: 3}
      propertyPath: m_LocalEulerAnglesHint.z
      value: 0
      objectReference: {fileID: 0}
    - target: {fileID: 3470238497062816810, guid: 93b4a13230e9d6543a63b9daa8880a9e,
        type: 3}
      propertyPath: m_SortingOrder
      value: 3
      objectReference: {fileID: 0}
    - target: {fileID: 3470238497062816810, guid: 93b4a13230e9d6543a63b9daa8880a9e,
        type: 3}
      propertyPath: m_Sprite
      value: 
      objectReference: {fileID: 21300000, guid: 7e1b159ef04ff454bb9c924f9201412c,
        type: 3}
    - target: {fileID: 3470238497062816810, guid: 93b4a13230e9d6543a63b9daa8880a9e,
        type: 3}
      propertyPath: m_Size.x
      value: 152.89914
      objectReference: {fileID: 0}
    - target: {fileID: 3470238497062816811, guid: 93b4a13230e9d6543a63b9daa8880a9e,
        type: 3}
      propertyPath: m_Name
      value: Land
      objectReference: {fileID: 0}
    m_RemovedComponents: []
  m_SourcePrefab: {fileID: 100100000, guid: 93b4a13230e9d6543a63b9daa8880a9e, type: 3}
--- !u!4 &4340705495938531912 stripped
Transform:
  m_CorrespondingSourceObject: {fileID: 3470238497062816809, guid: 93b4a13230e9d6543a63b9daa8880a9e,
    type: 3}
  m_PrefabInstance: {fileID: 870755074388790881}
  m_PrefabAsset: {fileID: 0}
--- !u!1001 &2880415115469901918
PrefabInstance:
  m_ObjectHideFlags: 0
  serializedVersion: 2
  m_Modification:
    m_TransformParent: {fileID: 870755074542852348}
    m_Modifications:
    - target: {fileID: 715740682434448751, guid: 47f84c0eae2c81541b58d3c6d71e3aca,
        type: 3}
      propertyPath: m_LocalPosition.x
      value: 48.20076
      objectReference: {fileID: 0}
    - target: {fileID: 715740682434448751, guid: 47f84c0eae2c81541b58d3c6d71e3aca,
        type: 3}
      propertyPath: m_LocalPosition.y
      value: 0.024525553
      objectReference: {fileID: 0}
    - target: {fileID: 715740682434448751, guid: 47f84c0eae2c81541b58d3c6d71e3aca,
        type: 3}
      propertyPath: m_LocalPosition.z
      value: 10
      objectReference: {fileID: 0}
    - target: {fileID: 715740682434448751, guid: 47f84c0eae2c81541b58d3c6d71e3aca,
        type: 3}
      propertyPath: m_LocalRotation.x
      value: -0
      objectReference: {fileID: 0}
    - target: {fileID: 715740682434448751, guid: 47f84c0eae2c81541b58d3c6d71e3aca,
        type: 3}
      propertyPath: m_LocalRotation.y
      value: -0
      objectReference: {fileID: 0}
    - target: {fileID: 715740682434448751, guid: 47f84c0eae2c81541b58d3c6d71e3aca,
        type: 3}
      propertyPath: m_LocalRotation.z
      value: -0
      objectReference: {fileID: 0}
    - target: {fileID: 715740682434448751, guid: 47f84c0eae2c81541b58d3c6d71e3aca,
        type: 3}
      propertyPath: m_LocalRotation.w
      value: 1
      objectReference: {fileID: 0}
    - target: {fileID: 715740682434448751, guid: 47f84c0eae2c81541b58d3c6d71e3aca,
        type: 3}
      propertyPath: m_RootOrder
      value: 5
      objectReference: {fileID: 0}
    - target: {fileID: 715740682434448751, guid: 47f84c0eae2c81541b58d3c6d71e3aca,
        type: 3}
      propertyPath: m_LocalEulerAnglesHint.x
      value: 0
      objectReference: {fileID: 0}
    - target: {fileID: 715740682434448751, guid: 47f84c0eae2c81541b58d3c6d71e3aca,
        type: 3}
      propertyPath: m_LocalEulerAnglesHint.y
      value: 0
      objectReference: {fileID: 0}
    - target: {fileID: 715740682434448751, guid: 47f84c0eae2c81541b58d3c6d71e3aca,
        type: 3}
      propertyPath: m_LocalEulerAnglesHint.z
      value: 0
      objectReference: {fileID: 0}
    - target: {fileID: 1132052092776442668, guid: 47f84c0eae2c81541b58d3c6d71e3aca,
        type: 3}
      propertyPath: m_Name
      value: ChestKeyRoot
      objectReference: {fileID: 0}
    - target: {fileID: 3371415048489408786, guid: 47f84c0eae2c81541b58d3c6d71e3aca,
        type: 3}
      propertyPath: door
      value: 
      objectReference: {fileID: 7}
    m_RemovedComponents: []
  m_SourcePrefab: {fileID: 100100000, guid: 47f84c0eae2c81541b58d3c6d71e3aca, type: 3}
--- !u!4 &3321290455784807729 stripped
Transform:
  m_CorrespondingSourceObject: {fileID: 715740682434448751, guid: 47f84c0eae2c81541b58d3c6d71e3aca,
    type: 3}
  m_PrefabInstance: {fileID: 2880415115469901918}
  m_PrefabAsset: {fileID: 0}
